2300 3859
506 232 562 302 L
616 251 643 302 1
698 248 742 301 Β
796 250 840 302 E
904 251 955 303 R
1057 228 1483 305 XXXVI.
1631 255 1766 324 401

192 404 196 407 K
229 327 481 409 primum
518 326 642 405 ejus
668 326 986 413 ingtess'um
1004 373 1025 404 ‚
1050 331 1377 410 principum
1403 326 1639 410 quidam
1675 352 1774 389 ur·
1787 345 2016 411 u,c,567,

232 410 311 469 be
350 409 701 475 excesserunt
738 432 751 470 :
790 406 1167 491 Eurylochus
1211 430 1464 472 mortem
1492 410 1592 470 fibi
1634 413 2018 477 con-a·C·191-

108 528 113 532 -
232 486 412 551 scivit.
459 491 737 551 Antiochi
779 492 995 552 milites
1042 489 1159 573 (fic
1191 493 1348 553 enim
1386 490 1535 571 pacii
1561 494 1774 573 erant)

151 578 155 581 ’
236 590 341 650 per
384 568 1269 655 Macedoniam,Thraciamque
1295 618 1313 645 ‚
1361 574 1776 654 prosequenti-

132 662 142 669 ’
232 652 339 711 bus
384 652 847 727 MacedonibUS‚
871 672 949 713 ne
982 655 1106 735 quis
1136 674 1243 714 eos
1269 656 1518 715 violaret
1548 701 1566 727 ‚
1607 652 1779 735 Lyfi-

170 778 175 784 -
236 734 527 794 mathiam
572 734 803 795 deduffl
849 732 997 793 sunt.
1032 727 1212 794 Erant
1254 734 1318 794 ὃ(
1360 747 1558 813 paucae
1598 754 1778 796 naves

238 812 625 877 Demetriade
649 860 667 888 ‚
690 814 897 896 quibus
925 832 1171 894 praeerat
1201 812 1450 875 lfidorus
1478 836 1597 875 :eae
1665 833 1780 875 uo-

224 916 355 977 ·que
399 916 529 957 cum
562 895 835 977 praefecio
874 894 975 965 suo
1017 894 1252 957 dimissae
1279 894 1426 955 sunt.
1471 892 1616 957 Inde
1713 919 1796 959 o·.

241 976 461 1057 lopiam
490 1022 509 1049 ,
566 978 629 1038 &
665 978 1083 1059 Aperantiam,
1119 978 1182 1039 δι
1221 976 1563 1039 Perrhaebiae
1608 976 1784 1059 quas-

244 1058 382 1118 'dam
431 1060 694 1121 civitates
732 1061 973 1141 recepit.
1222 1126 1228 1131 ,

326 1138 616 1201 XXXIV.
652 1139 818 1200 Dum
847 1142 970 1200 haec
1004 1160 1037 1199 a
1058 1138 1244 1219 Philip
1291 1161 1332 1201 ο,
1398 1157 1666 1213 eruntur‚
1701 1136 1780 1200 T.
1799 1150 2027 1223 Quintius

246 1219 527 1299 Quintius
566 1223 801 1301 recepta
850 1222 1160 1301 Zacyntho
1211 1161 1288 1279 ag
1331 1160 1594 1280 {chaico
1628 1226 1842 1281 con-in
1879 1226 2023 1275 Nau-

248 1304 383 1363 cilio
436 1302 565 1363 Nau
613 1302 800 1364 aEium
837 1300 1063 1382 trajecit
1104 1321 1119 1361 t
1157 1322 1286 1381 quae
1331 1299 1446 1379 jam
1486 1322 1592 1382 per
1634 1299 1992 1365 duospafflm·

246 1380 475 1445 menses
510 1382 539 1465 (
577 1385 652 1446 ed
701 1404 888 1464 prope
915 1382 1227 1448 exscidium
1251 1381 1423 1464 erat)
1476 1403 1784 1465 oppugna·

245 1466 413 1525 batur
432 1510 453 1539 ,
494 1466 559 1525 &
580 1511 599 1540 ‚
629 1464 678 1524 -fi
708 1484 873 1546 capta
910 1465 971 1524 vi
1002 1463 1160 1525 foret
1183 1509 1202 1538 ,
1245 1483 1421 1526 omne
1444 1464 1525 1522 ibi
1562 1484 1782 1525 nomen

248 1546 581 1607 AEtolorum
619 1543 691 1606 a'd
734 1547 1199 1607 internecionem
1237 1544 1542 1606 videbatur
1575 1563 1792 1606 ventu-

246 1646 394 1686 rum.
433 1626 755 1701 Ceterum,
800 1623 1127 1709 quanquam
1179 1627 1389 1687 merito
1448 1628 1622 1687 iratus
1660 1642 1786 1687 erat

249 1707 457 1769 AEtolis
486 1751 509 1782 ‚
558 1726 585 1787 3
630 1708 785 1789 qubd
822 1708 981 1769 solos
1024 1706 1358 1769 obtrefiaffe
1407 1708 1603 1789 gloriae
1641 1706 1789 1781 suae,

252 1808 434 1869 quum
476 1788 747 1850 liberaret
784 1788 1073 1850 Graeciam
1100 1834 1118 1859 ,
1157 1792 1532 1859 meminerat,
1566 1788 1628 1848 ὃ(
1652 1788 1791 1848 nihil

248 1869 588 1931 auROritate
654 1869 750 1931 sua
796 1886 993 1930 motos
1032 1866 1146 1929 effe
1170 1914 1191 1943 ‚
1232 1888 1453 1949 quum,
1493 1888 1621 1947 quae
1663 1880 1790 1928 tum

252 1950 507 2011 maxime
546 1950 912 2023 acciderant,
954 1948 1546 2028 casura'praemonens
1578 1994 1596 2022 ‚
1625 1970 1656 2009 a
1694 1947 1797 2007 fu·-

250 2031 407 2092 rioso
452 2034 690 2113 incepto
719 2051 823 2091 eos
867 2031 1230 2101 deterreret;
1268 2046 1466 2089 tamen
1493 2027 1572 2088 sui
1601 2032 1792 2089 maxi-

254 2113 353 2173 me
385 2113 580 2193 operis
619 2110 734 2173 effe
784 2110 1027 2173 credens
1050 2155 1071 2185 ,
1116 2110 1333 2171 nullam
1366 2126 1599 2193 gentem
1640 2109 1790 2170 libe-

253 2209 391 2253 ratae
422 2216 455 2253 a
482 2194 539 2257 se
560 2192 803 2255 Graeciae
820 2238 839 2267 ,
866 2192 1121 2253 funditus
1159 2194 1342 2253 everti
1366 2236 1386 2265 ,
1411 2190 1791 2255 obambulare

256 2277 434 2334 muris
457 2321 480 2346 ‚
520 2294 585 2336 ut
620 2274 789 2336 facile
828 2272 1164 2336 nosceretur
1199 2272 1274 2332 ab
1307 2272 1514 2334 AEtolis
1542 2316 1561 2345 ‚
1586 2275 1790 2353 coepit.

252 2353 587 2417 Confestim
626 2366 661 2416 a
703 2358 911 2439 primis·
948 2354 1286 2417 stationibus
1343 2356 1610 2437 cognitus
1662 2353 1744 2413 est
1769 2398 1792 2427 ,

256 2437 675 2518 vulgatumque
721 2457 826 2517 per
871 2456 1079 2497 omnes
1130 2436 1366 2495 ordines
1405 2480 1424 2508 ,
1473 2432 1792 2513 Quintium

167 2518 178 2525 “
262 2515 379 2576 ess'e
400 2536 419 2589 ;
440 2520 633 2599 itaque
672 2518 946 2579 concursu
984 2516 1136 2577 facio
1168 2516 1422 2595 undique
1457 2516 1515 2575 in
1547 2536 1746 2575 muros
1771 2560 1791 2591 ‚

254 2618 461 2657 manus
504 2620 615 2679 pro
652 2596 711 2658 se
756 2598 991 2679 quisque
1035 2597 1342 2664 tendentes
1372 2643 1390 2671 ‚
1433 2596 1788 2658 consonante
1876 2615 2034 2684 Opem

259 2678 517 2739 clamore
556 2678 905 2743 nominatim-
924 2676 1235 2757 Quintium
1270 2699 1435 2739 orare
1460 2723 1478 2753 ,
1517 2697 1579 2739 ut
1607 2698 1783 2759 opem
1799 2686 1892 2753 ejus
1937 2692 2028 2740 im-

256 2758 437 2821 ferret
480 2782 546 2820 ac
591 2760 864 2821 servaret.
892 2758 966 2821 Et
1002 2778 1125 2820 tum
1164 2760 1435 2841 quidem,
1459 2762 1993 2841 quanquamplorane

256 2858 597 2902 moveretur
640 2842 725 2901 his
772 2842 1017 2902 vocibus
1038 2887 1056 2915 ‚
1084 2861 1256 2901 manu
1300 2859 1495 2902 tamen
1525 2864 1563 2915 4
1591 2832 1983 2901 abnuit-‘Ecoli-

254 2922 533 3003 quiddam
565 2925 697 3003 opis
720 2925 779 2982 in
810 2922 866 2983 se
896 2921 1028 2983 effe.
1054 2919 1338 2983 Ceterum
1363 2966 1382 2994 ,
1409 2920 1786 3003 posteaquam

256 3004 335 3064 ad
371 3004 666 3068 consulem
709 3005 870 3067 venit
895 3049 913 3079 ,
946 3005 1141 3065 Utrzkm
1172 3003 1342 3080 fallit
1367 3048 1391 3076 ,
1431 3004 1656 3084 inquit,
1691 3020 1743 3089 re
1764 3048 1788 3076 ,

334 3194 361 3244 3
398 3181 703 3253 Quodsolos.
720 3186 982 3256 ].Elegan·
1128 3199 1164 3242 4
1177 3182 1360 3233 Abmu'e
1379 3181 1594 3248 quiddam
1613 3181 1715 3248 opis
1732 3188 1784 3233 in

252 3252 353 3310 tius
373 3288 387 3315 2
414 3272 524 3328 quos
538 3254 692 3325 solos.
1049 3253 1103 3326 se
1118 3256 1380 3329 effallmb,
1398 3257 1644 3327 quidquam
1655 3258 1780 3328 opis.
