2300 3859
7 2483 33 2746 “-ι-“-Ἲ”
7 2243 26 2474 ’-—1—--'

210 371 291 434 ,δι
314 373 567 436 Romam
586 374 657 432 ad
670 373 953 446 senatum,
968 373 1030 432 &
1046 371 1120 431 ad
1134 371 1438 452 Scipiones
1456 374 1516 432 in
1534 373 1588 432 A

424 198 483 268 L
535 215 563 264 1
620 211 663 264 B
720 211 764 263 E
816 213 866 265 n
932 190 1510 265 XXXVIII.
1624 213 1760 292 5c7

309 289 419 355 III.
458 291 879 373 Amynander,
904 307 1249 370 recuperato
1274 310 1460 372 regno
1481 335 1500 364 ,
1528 289 1756 432 legatos
1773 298 2002 432 ἕὲηςξέ

1638 395 1728 432 am
1803 405 1818 420 ι
1867 383 1910 418 01
1985 382 2002 399 ⁸

226 451 437 535 Ephesi
490 453 619 537 post
660 473 937 536 magnum
976 473 1111 512 cum
1151 453 1454 514 Antiocho
1537 419 1756 515 raeliuni

225 555 521 598 morantes
541 582 561 612 ,
589 534 757 596 misit.
788 533 996 595 Pacem
1018 534 1255 615 petebat
1275 578 1296 607 ,
1331 555 1480 596 excu
1505 536 1758 616 a'batque

222 617 343 678 sese
368 664 389 693 ,
432 619 589 698 quod
626 637 733 698 per
774 615 1005 677 AEtolos
1041 613 1424 697 recuperasset
1448 635 1758 698 paternum

226 720 494 783 regnum.
527 699 857 778 Philippum
888 695 1197 757 incusabat.
1230 695 1412 757 AEtoli
1451 717 1527 759 ex
1564 698 1760 759 Atha·
1839 681 2009 750 AEtoli

231 784 428 842 mania
464 780 524 839 in
560 778 989 860 Amphilochos
1033 777 1281 860 profeffi
1316 774 1486 850 sunt,
1525 780 1590 841 &
1633 799 1758 840 ma·
1775 770 1980 854 Ampfii-

224 859 368 944 joris
394 861 569 942 partis
595 861 895 922 voluntate
926 862 986 920 in
1020 858 1108 937 jus
1134 860 1536 942 ditionemque
1571 877 1758 922 totam
1775 843 1980 930 technas,-

227 943 583 1026 .redegerunt
603 939 1288 1025 g'entem.Amphilochiii
1303 943 1568 1022 recepta,
1584 941 1761 1026 (nam
1781 917 1828 967 δ’
1869 919 1973 968 ‘'²¹“

232 1023 421 1098 fuerat
448 1023 745 1107 quondam
768 1023 1111 1102 AEtolorutn
1121 1021 1149 1104 )
1178 1023 1386 1084 eadem
1405 1024 1504 1105 spe
1523 1025 1583 1083 in
1605 1031 1767 1106 Ape·
1778 1006 2014 1063 ⁰⁶⁶“f‘m

232 1109 478 1168 tantiam
509 1103 1038 1176 transs'cenderunt3
1076 1124 1148 1165 ea
1182 1125 1422 1186 quoque
1452 1126 1662 1187 magna
1695 1126 1770 1183 ex

281 1206 399 1249 arte
438 1186 556 1248 fine
591 1187 909 1248 certamine
939 1189 996 1245 in
1019 1185 1384 1245 deditionem
1410 1189 1592 1248 venit.
1629 1185 1777 1248 Do·-

218 1209 417 1349 fopes'
458 1287 756 1349 nunquam
808 1266 1143 1328 AEtolorum
1191 1265 1468 1328 fuerant:
1520 1266 1775 1350 Philippi
1852 1265 1858 1271 ’

238 1366 449 1424 erant3
490 1350 553 1409 hi
593 1350 845 1431 primum
884 1349 960 1408 ad
1000 1368 1160 1407 arma
1193 1366 1646 1424 concurrerunt:
1674 1368 1777 1412 ce-

238 1435 434 1494 terum
476 1429 855 1512 posteaquam
907 1428 1343 1510 Amphilochos
1385 1450 1518 1490 cum
1565 1429 1778 1493 AEtolis

238 1511 355 1576 effe
380 1559 399 1588 ,
435 1510 750 1595 fugamque
778 1531 851 1572 ex
879 1509 1230 1571 Athamania
1248 1509 1392 1570 Phili
1437 1513 1536 1594 pi,
1570 1513 1634 1574 &
1663 1535 1778 1574 cae-

244 1594 385 1656 dem
415 1593 658 1673 praefidii
692 1589 818 1669 ejus
853 1613 1173 1674 accepere,
1195 1592 1284 1654 -&
1312 1533 1434 1674 ipsi)
1446 1616 1480 1654 a
1505 1592 1780 1676 Philippo

234 1676 320 1738 ad
356 1675 592 1737 AEtolos
630 1673 926 1737 deficiunt.
961 1674 1196 1755 Quibus
1235 1672 1613 1751 circumjeffis
1636 1697 1784 1759 gen-

246 1759 445 1831 tibus,
487 1754 607 1836 jam
662 1756 917 1838 undique
954 1755 1013 1816 se
1061 1778 1096 1816 a
1134 1754 1564 1816 Macedonibus
1620 1775 1785 1838 tutos

246 1839 619 1901 credentibus
658 1835 773 1898 esse
832 1836 1041 1897 AEtolis
1068 1880 1090 1908 ,
1130 1835 1285 1896 fama
1337 1834 1574 1897 affertur
1595 1881 1614 1910 ‚
1653 1838 1789 1898 An-

250 1920 515 1983 tiochum
562 1921 627 1978 in
659 1915 798 1978 Asia
840 1917 1060 1979 vicium
1094 1916 1166 1977 ab
1201 1915 1481 1977 Romanis
1504 1939 1544 1992 ;.
1567 1937 1678 1979 nec
1707 1921 1788 1980 ita

254 2001 465 2065 multo·
529 1997 615 2060 ost
658 1999 831 2079 legati
880 1998 954 2059 ab
990 1996 1185 2058 Roma
1224 1997 1451 2059 rediere
1476 2043 1496 2074 ,
1531 1996 1649 2061 fine
1687 1998 1792 2081 spe

257 2082 417 2167 pacis
440 2126 460 2156 ,
549 2081 886 2160 niviumque
942 2077 1238 2139 consulem
1287 2081 1625 2140 nunciantes
1668 2073 1834 2160 jam‘

258 2185 392 2224 cum
434 2163 691 2224 exercitu
732 2157 1029 2238 trajeciss'e.
1069 2159 1179 2220 His
1227 2163 1451 2235 territi,
1512 2161 1666 2242 prius
1714 2161 1791 2222 ab

263 2244 486 2307 Rhodo
528 2243 595 2304 &
636 2242 885 2326 Athenis
908 2241 1292 2326 legationibus
1327 2245 1530 2303 excitis
1551 2288 1572 2316 ‚
1602 2260 1666 2304 ut
1687 2263 1796 2324 pet·
1881 2307 1885 2312 ,

262 2326 665 2388 auRoritatem
687 2325 985 2402 civitatum
1016 2343 1214 2385 earum
1239 2323 1349 2383 suae
1375 2343 1579 2405 preces
1609 2342 1799 2406 nuper

268 2408 585 2488 repudiatae
618 2404 947 2468 faciliorem·
971 2405 1194 2465 aditum
1223 2404 1298 2464 ad
1324 2403 1582 2466 senatum
1617 2406 1801 2467 habe·

266 2506 434 2561 rent,
518 2488 766 2566 rincipes
801 2488 989 2567 gentis
1036 2485 1111 2546 ad
1148 2485 1490 2547 tentandum
1534 2487 1804 2554 ultimam

269 2568 434 2650 spem
476 2509 739 2627 Romam
781 2566 1054 2627 miserunt
1090 2587 1105 2625 ε
1148 2584 1176 2648 5
1235 2567 1420 2636 nihil,
1465 2588 1540 2629 ne
1578 2568 1801 2630 bellum

271 2649 591 2722 haberent,
628 2645 955 2728 priusquam
985 2647 1136 2728 pene
1174 2650 1234 2707 in
1273 2647 1584 2732 conspeflu
1620 2650 1800 2712 hostis
1848 2674 2044 2732 Fulvia.

270 2749 428 2807 erat,
462 2728 867 2812 prameditati.
895 2727 1024 2791 Jam
1046 2727 1137 2792 Μ.
1161 2727 1396 2791 Fulvius
1416 2731 1800 2813 Apolloniam
1819 2747 1958 2818 cons,
1989 2761 2045 2807 5,

274 2814 537 2877 exercitu
568 2807 847 2891 trajecto,
890 2831 1024 2873 cum
1052 2809 1423 2894 Epirotarum
1450 2815 1803 2898 principibus
1818 2827 1996 2898 Epiro.

278 2957 337 2992 ea
396 2975 415 2997 ‚
488 2937 735 3006 quomodo
790 2937 1014 2990 habuere,
1079 2937 1300 2988 trandum
1321 2971 1338 2996 ,
1359 2952 1420 2985 ne
1439 2934 1520 2986 fibi
1538 2937 1717 2986 bellum
1739 2937 1809 2986 in·
1896 3001 1903 3009 ,

280 3013 472 3080 quidam
493 3011 611 3062 editi
642 3012 693 3064 δι
714 3010 899 3077 scripti.
1080 3011 1293 3062 ferretur
1314 3044 1333 3067 ,
1355 3007 1513 3058 donec
1539 3007 1602 3060 eo
1627 3026 1704 3059 res
1726 3011 1810 3058 ad·

364 3098 385 3148 ς
416 3083 583 3143 Nihil,
609 3101 665 3135 ne
685 3082 859 3133 bellum
868 3080 1011 3132 habe·
1083 3084 1222 3134 duaa
1243 3083 1362 3134 effer
1381 3113 1399 3138 ,
1420 3093 1474 3131 ut
1489 3141 1496 3145 ‚
1510 3081 1656 3134 hostis
1681 3081 1819 3152 pene·

286 3171 433 3210 rent..
454 3156 815 3223 prameditath]
844 3155 1012 3220 Quum
1084 3155 1135 3210 ii:
1163 3155 1424 3230 conspe&
1443 3155 1594 3207 foret.

286 3230 411 3288 nihil
431 3229 763 3300 precavili'ent
778 3229 841 3288 ad
856 3229 1017 3308 impe:
1441 3290 1502 3368 Y
1531 3295 1566 3312 ..
1765 3277 1776 3284 .

1529 3316 1578 3385 ¹1
1817 3331 1836 3384 a·
