2300 3859
241 164 623 323 υ,ς,ς6ς,ι“ςίιιη;4
658 227 739 300 ad
773 242 993 328 causam
1034 243 1323 301 dicendam
1348 286 1369 314 ‚
1403 245 1609 303 mittere
1649 263 1759 302 non
1802 243 2033 306 audeae‘ss

242 325 623 390 a.C.187.1nus.
662 320 908 382 Tribuni
948 322 1135 402 plebis
1180 322 1454 402 appellati
1497 324 1572 383 ab
1620 322 1692 382 L.
1735 321 2024 404 Scipione

477 407 561 464 ita
606 403 990 464 decreverunt
1016 445 1035 476 ,
1077 404 1145 464 Si
1197 405 1369 464 morbi
1417 406 1587 483 caufit
1629 404 1978 483 excusaretur
2002 447 2028 478 ,

467 483 582 625 ⁸qbi
615 484 835 566 placere
870 486 1055 566 accipi
1088 504 1208 542 eam
1249 487 1468 565 causam
1494 526 1516 556 ,
1541 487 1785 564 diemque
1833 507 1872 544 a
1901 486 2030 545 col-

510 587 536 622 e
572 566 621 623 is
694 566 891 626 rodici.
1128 625 1137 634 ,
1871 627 1880 632 .

533 588 643 704 gLI
674 645 721 706 Ι.
753 644 1051 706 Tribunus
1080 644 1268 727 plebis
1304 663 1380 705 eo
1415 660 1690 725 tempore
1721 643 1820 706 Ti.
1843 643 2026 706 Sem-

532 728 727 788 ronius
782 725 1085 788 Gracchus
1141 747 1270 788 etat
1297 763 1318 801 ς
1365 728 1458 786 cui
1517 727 1830 789 inimiciti'ae
1888 746 2030 788 cum

484 747 556 867 ἓ.
592 805 872 890 Scipione
912 808 1351 870 intercedebant
1377 827 1398 880 3
1425 808 1472 867 is
1498 851 1518 880 ‚
1541 827 1722 888 quum
1756 807 2032 869 vetuisset

488 909 716 950 nomen
738 888 902 950 suum
938 889 1179 950 decreto
1211 889 1566 970 collegarum
1605 888 1886 962 adscribi,
1914 891 2033 950 tri-

488 966 841 1052 stioremque
863 981 1081 1032 'omnes
1114 969 1460 1032 sententiam
1495 969 2032 1051 exspeclarent‚ita

260 1049 484 1108 Cracchi
495 1050 754 1114 decrevit
785 1072 800 1111 t
832 1057 1018 1133 Quum
1054 1054 1124 1112 L.
1159 1055 1350 1132 Scipio
1393 1051 1609 1128 excuset
1655 1053 1892 1112 morbum
1927 1049 2029 1130 effe

244 1129 483 1181 'decretum
494 1134 713 1212 causam
738 1129 911 1212 fratri
933 1177 956 1204 ,
974 1131 1121 1212 satis
1143 1134 1207 1192 id
1232 1134 1338 1216 sibi
1363 1133 1560 1195 videri.
1587 1137 1662 1193 Se
1693 1136 1770 1193 P.
1807 1135 2040 1213 Scipio·

251 1208 329 1292 ἱξῑ,
382 1221 614 1290 gns'nem
645 1258 664 1286 ,
698 1214 1013 1295 priusquam
1056 1208 1290 1274 Romam
1334 1211 1547 1291 redfft
1567 1256 1590 1285 ‚
1629 1213 1874 1294 accusari
1915 1236 2032 1276 non

254 1278 770 1376 “f'm55⁶¹‘paffitrum
789 1316 815 1368 ,·
851 1313 963 1354 tum
997 1317 1206 1375 quoque
1239 1339 1260 1370 ,
1287 1292 1429 1373 sifi
1470 1295 1711 1375 appellet
1735 1340 1756 1366 ,
1803 1297 2036 1356 auxilio

248 1366 430 1418 Imm·
498 1379 550 1436 ei
591 1375 843 1456 ficturum
880 1420 901 1450 ,
943 1399 1010 1436 ne
1046 1376 1268 1455 causam
1309 1377 1482 1434 dicat.
1519 1377 1625 1435 Ad
1662 1377 1724 1434 id
1746 1373 2033 1457 fastigium

496 1459 659 1519 rebus
690 1461 844 1540 gestis
868 1502 887 1531 ‚
927 1457 1225 1518 honoribus
1253 1457 1457 1540 populi
1490 1458 1769 1531 Romani,
1798 1458 1872 1517 P.
1907 1455 2040 1518 Sci-

487 1540 709 1620 pionem
738 1541 956 1599 deorum
995 1541 1375 1619 hominumque
1407 1536 1662 1616 consensu
1692 1536 1988 1618 pervenisti
2011 1581 2040 1614 ‚

494 1636 561 1680 ut
584 1619 688 1697 fieb
724 1620 931 1699 Rostris
971 1641 1115 1680 reum
1140 1621 1289 1701 stare
1327 1619 1383 1680 6·
1412 1619 1649 1701 praebere
1687 1640 1851 1680 aures
1889 1621 2036 1680 ado·

496 1699 808 1780 lesientium
847 1703 1114 1761 conviciis
1134 1746 1152 1775 ,
1188 1702 1400 1782 populo
1430 1705 1679 1762 Romano
1713 1704 1889 1781 magis
1925 1703 2036 1760 de-

484 1782 663 1862 forme
685 1827 703 1856 ,
730 1783 891 1862 quam
922 1785 1027 1863 ipsi
1047 1783 1142 1859 fit.
1175 1800 1201 1863 ς
1230 1779 1470 1859 Adiecit
1496 1780 1739 1842 decreto
1760 1783 2038 1866 indigna·-

492 1864 759 1924 tionem:
784 1866 898 1924 Sub
932 1864 1171 1942 pedibus
1205 1865 1391 1946 vestris
1410 1863 1576 1945 flabit
1595 1907 1616 1936 ‚
1639 1863 1846 1922 tribuni
1873 1907 1892 1934 ‚
1927 1866 2034 1923 do-

497 1947 663 2004 mitor
687 1946 784 2004 ille
822 1943 1033 2022 Africa
1069 1945 1260 2023 Scipio
1282 1945 1314 2001 ?
1335 1943 1467 2005 Ideo
1505 1962 1743 2024 quatuor
1772 1945 2042 2022 nobiliffi·

490 2047 609 2086 mos
652 2028 817 2085 duces·
838 2028 1125 2087 Poenorum
1167 2026 1224 2086 in
1247 2024 1525 2107 Hispania
1547 2069 1567 2099 ‚
1594 2043 1829 2106 quatuor
1867 2048 2038 2086 exer-

494 2108 643 2168 citus
674 2104 842 2180 'fitilit
894 2105 1215 2186 fiegavitque
1246 2126 1273 2177 ;
1331 2108 1455 2166 ideo
1493 2108 1803 2186 Syphacem
1848 2108 1994 2185 cepit
2009 2130 2040 2180 3

494 2188 839 2258 Annibalem
867 2189 1069 2251 devicit
1093 2231 1111 2259 ‚
1140 2188 1520 2268 Carthaginem
1543 2187 1850 2268 vee‘i'igalem
1876 2188 2044 2248 nobis

490 2265 633 2346 ficit
652 2311 675 2338 ‚
723 2269 1057 2328 Antiochum
1102 2265 1347 2348 (recepit
1380 2268 1520 2329 enim
1546 2266 1780 2345 fratrem
1819 2269 2042 2358 consor·-

494 2365 603 2408 tem
652 2345 817 2427 hujus
859 2349 1052 2430 glorioe
1093 2351 1164 2409 L.
1200 2351 1446 2429 Scipio)
1490 2349 1663 2408 ultra.
1691 2352 1861 2410 Tauri
1891 2371 2040 2430 Juga

502 2432 706 2490 emovit
740 2475 759 2500 ,
794 2448 853 2489 ut
886 2431 1095 2489 duobus
1118 2430 1370 2490 Petilliis
1392 2430 1755 2510 fitecumberet
1773 2473 1799 2502 ,
1837 2453 1936 2491 vos
1969 2433 2042 2490 de

477 2511 580 2570 ·P.
618 2509 893 2588 Africano
926 2513 1172 2592 palmam
1205 2515 1455 2591 peteretis
1476 2514 1511 2571 ?
1540 2511 1801 2588 Nullisne
1832 2511 2044 2572 meritis

495 2591 623 2672 fitis
653 2636 674 2663 ,
714 2593 889 2651 nullis
927 2594 1111 2673 vestris
1151 2593 1444 2653 honoribus
1485 2613 1724 2671 unquam
1762 2613 1824 2652 tn
1861 2613 2044 2654 arcem
2109 2660 2128 2670 ‚

505 2689 681 2732 tutam
712 2715 731 2745 ,
765 2673 821 2731 6·
860 2673 1014 2733 velut
1036 2673 1284 2751 ‚landam
1305 2717 1324 2746 ,
1357 2675 1496 2734 clari
1530 2675 1641 2734 viri
1674 2675 1990 2753 pervenient
2013 2696 2045 2748 3

506 2752 602 2812 ubi
622 2753 682 2831 si
713 2774 821 2810 nort
858 2755 1192 2814 venerabilis
1217 2797 1240 2825 ,
1261 2756 1536 2815 inviolata
1569 2753 1772 2833 saltem
1796 2755 2042 2832 seneclus

504 2853 687 2894 eorum
720 2834 1016 2912 confidat?
1052 2833 1256 2897 Movit
1290 2837 1354 2898 &
1389 2833 1690 2896 decretum
1711 2879 1732 2910 ,
1769 2835 1835 2896 &
1873 2831 2038 2914 adje-

592 2985 851 3085 5hddjecit
870 3015 1075 3070 'decreto
1112 3019 1238 3083 indi·
1309 3019 1430 3088 jecit
1456 3020 1728 3074 orationem
1756 3023 1950 3092 plenam
1967 3019 2055 3084 in?

510 3092 820 3162 grinionem]
842 3093 1085 3152 Dect-eto,
1106 3094 1240 3161 quod
1313 3095 1630 3166 dignationis·

512 3163 661 3222 modo
681 3179 1001 3246 memoratum
1023 3166 1091 3221 est
1111 3199 1128 3229 2
1149 3167 1242 3234 adq
