2300 3859
570 183 1009 262 L1·1313R
1104 181 1493 263 XXXII.
1670 209 1800 284 133

265 282 419 345 hrbe
452 285 721 368 praefidiis
740 333 759 361 ‚
780 286 1020 348 liberam
1055 290 1402 348 concionem
1422 330 1445 358 ,
1474 285 1512 348 8
1536 305 1657 346 non
1681 290 1800 347 im·
1816 301 2055 367 [10:555.-

270 365 450 428 mistis
497 367 957 430 Lacedaemoniis
990 368 1406 429 declaraturam
1434 368 1572 450 quid
1595 366 1799 451 Argivi
1815 369 2052 433 need-97-

270 447 497 509 vellent
519 494 539 523 ,
566 452 811 530 praeberi
847 450 1061 511 debere
1090 449 1321 510 dicebat
1357 469 1457 510 rex
1482 467 1798 530 :tyrannus

268 532 514 670 {legabit
538 529 1104 672 de‘ii'ffifnffihff
1132 528 1618 672 disceptatio-fir&
1642 533 1803 592 exitu

334 629 395 670 lt.
490 631 523 671 e
561 633 633 673 co
680 634 719 673 ο
764 634 860 672 uro
935 631 1045 672 lce
1090 631 1228 685 um,
1274 627 1532 672 excentts
1607 627 1804 673 reten-

266 687 421 753 fibus
473 691 549 751 ab
600 711 621 754 t
673 633 857 754 razno
900 693 1046 754 datis
1085 691 1362 753 Romano
1395 712 1415 765 ;
1450 691 1696 753 induciis
1725 713 1804 755 ue

265 773 418 833 inter
448 771 509 832 N
512 715 839 836 icelii-atum
875 790 1188 857 praetorem
1216 773 1574 834 Achaeorum
1601 774 1666 834 &
1737 796 1806 834 a·-

266 853 767 917 cedaemoniorum
812 875 1131 938 tyrannum
1177 856 1238 915 in
1292 871 1538 937 quatuor
1573 854 1802 916 menses

264 933 456 997 fastis.
479 935 627 998 Inde
661 937 939 1018 Quintius
976 934 1330 997 Corinthum
1356 933 1439 994 est
1459 933 1754 1018 profectus
1777 955 1804 996 τ

268 1016 334 1077 &
356 1016 431 1075 ad
456 1035 685 1097 portam
714 1039 847 1078 cum
874 1016 1238 1080 Cretensium
1263 1017 1507 1078 cohorte
1529 1013 1757 1077 acceffit
1777 1061 1800 1092 ‚

266 1113 332 1157 ut
357 1091 596 1158 Philocli
628 1098 903 1180 praefeRo
941 1101 1097 1159 urbis
1138 1114 1444 1180 appareret
1482 1115 1800 1178 tyrannum

271 1199 307 1237 a
336 1175 607 1262 Philippo
646 1179 895 1242 desciffe.
922 1179 1214 1240 Philocles
1252 1178 1315 1239 &
1353 1179 1472 1261 ipse
1499 1180 1572 1239 ad
1601 1181 1802 1260 impe-

144 1323 161 1336 x
265 1277 525 1321 ratorem
557 1259 893 1323 Romanum
924 1263 983 1320 in
1021 1259 1380 1342 colloquium
1421 1263 1581 1322 venit
1608 1280 1622 1318 ε
1646 1261 1802 1322 hor-

267 1344 533 1423 tantique
570 1360 635 1404 ut
664 1343 966 1422 externplo
996 1340 1259 1403 tranfiret
1279 1387 1297 1415 ,
1324 1341 1648 1423 urbemque
1686 1359 1803 1403 tra·

268 1421 442 1483 deret
463 1470 481 1498 ‚
514 1425 595 1485 ita
633 1423 931 1506 respondit
952 1467 972 1498 ,
994 1440 1069 1496 'ut
1103 1421 1370 1484 distuliss'e
1410 1442 1534 1483 rem
1567 1425 1750 1504 magis
1777 1466 1805 1498 ‚

266 1502 447 1584 quam
470 1504 699 1588 negaffe
722 1551 741 1580 ‚
772 1505 1089 1567 videretur.
1122 1503 1182 1564 A
1204 1501 1493 1565 Corintho
1515 1503 1804 1582 Quinti-us

266 1585 448 1646 Antic
504 1608 623 1648 ram
668 1584 889 1666 trajecit
929 1606 945 1644 τ
984 1585 1122 1645 inde
1170 1584 1405 1647 fratrem
1447 1585 1523 1644 ad
1562 1602 1801 1646 tentan-

269 1666 407 1726 dam
485 1687 792 1728 camanum
828 1685 1062 1749 gentem
1084 1665 1248 1725 mifit.
1269 1665 1497 1728 Attalus
1529 1666 1602 1726 ab
1624 1665 1804 1748 Argis

268 1745 592 1828 Sicyonem
641 1748 723 1811 est
763 1745 1054 1836 profeQus
1090 1767 1106 1806 ε
1151 1747 1232 1806 ibi
1273 1747 1336 1807 &
1380 1747 1582 1806 civitas
1628 1751 1803 1809 novis

266 1829 587 1890 honoribus
614 1849 843 1891 veteres
873 1831 1027 1910 regis
1047 1827 1304 1889 honores
1338 1829 1494 1888 auxit
1519 1849 1532 1886 ε
1561 1826 1626 1887 &
1651 1846 1752 1888 rex
1778 1873 1799 1901 ,

268 1929 310 1991 9
348 1910 423 1970 ad
461 1912 520 1970 id
560 1913 719 1993 quod
754 1910 973 1972 sacrum
1007 1908 1302 1992 Apollinis
1345 1929 1545 1992 agrum
1596 1909 1801 1989 grandi

270 1992 573 2074 quondam
607 1994 852 2074 pecunia
887 1991 1213 2053 redemerat
1243 1991 1327 2052 eis
1352 2035 1371 2063 ‚
1395 2007 1520 2049 tum
1561 2009 1803 2071 quoque

268 2093 351 2133 ne
377 2071 496 2135 fine
524 2075 714 2156 aliqua
746 2073 1139 2134 munificentia
1165 2072 1476 2152 praeteriret
1502 2070 1804 2130 civitatem

265 2154 485 2224 sociam
509 2173 683 2237 atque
710 2158 955 2216 amicam
981 2199 1001 2228 ,
1034 2174 1060 2214 1
1090 2153 1299 2213 decem
1331 2152 1543 2212 talenta
1575 2150 1800 2232 argenti

264 2237 437 2296 dono
478 2236 639 2297 dedit
676 2279 699 2311 ,
758 2237 821 2297 &
871 2257 905 2296 2
956 2236 1166 2296 decem
1208 2233 1388 2293 millia
1439 2230 1802 2292 medimnum

268 2315 658 2388 frumenti22t
703 2338 775 2378 ue
816 2321 894 2378 ita
916 2315 1254 2378 Cenchreas
1289 2314 1364 2375 ad
1401 2333 1580 2374 naves
1612 2311 1808 2374 rediit.

268 2396 351 2459 Et
372 2397 550 2461 Nabis
590 2418 619 2482 3
654 2341 889 2460 armato
925 2393 1187 2480 praefidio
1221 2395 1394 2478 Argis
1417 2393 1802 2456 Lacedaemo-

348 2563 379 2615 8
405 2564 520 2615 Non
548 2564 756 2628 immistis
778 2563 1002 2616 Lacedae-
1030 2596 1035 2600 -
1151 2579 1185 2614 2
1210 2561 1394 2611 Decem
1427 2557 1584 2608 millia
1613 2559 1808 2610 medim-

271 2638 445 2688 nom'z's
467 2639 829 2692 declaraturam.
848 2640 865 2701 ]
886 2640 1002 2688 Non
1077 2635 1187 2686 adm
1211 2634 1457 2701 frumenti.
1481 2639 1496 2698 j
1523 2632 1808 2683 Medimnus

272 2713 623 2762 declaraturam
645 2746 661 2770 .
693 2713 808 2779 quid
829 2711 1004 2781 Argivi
1078 2721 1184 2760 erat
1211 2709 1427 2758 mensura
1461 2707 1650 2774 frugum
1677 2707 1807 2772 apud

270 2787 461 2836 vellent
488 2819 505 2844 ‚
548 2787 771 2852 quamdiu
819 2784 1003 2836 immisti
1076 2783 1278 2834 Atticos
1307 2814 1322 2840 ‚
1363 2797 1449 2848 par
1487 2779 1568 2830 sex
1607 2777 1807 2833 modiis.

208 2886 216 2891 ·
272 2860 441 2910 forent
462 2859 843 2910 Laeedaemonii.
1076 2857 1246 2924 Itaque
1291 2856 1468 2906 decem
1509 2854 1659 2904 millia
1705 2869 1807 2904 me·

348 2947 381 2996 9
405 2932 493 2981 Aa
517 2934 574 2981 id
600 2933 741 3001 quod.
766 2933 783 2995 J
820 2931 1005 2984 Praeter
1076 2931 1288 2982 dimnom
1314 2928 1667 2996 aequiparantur
1699 2926 1810 2978 fer’e

270 3005 321 3057 id
336 3004 491 3072 quod,
512 3019 832 3073 praeterquam
850 3005 999 3074 quod.
1074 3005 1179 3066 462
1193 3018 1273 3072 5.0=
1313 3002 1486 3052 modiis
1539 2998 1810 3050 Parifienfi·

356 3093 377 3128 1
410 3079 593 3129 Decem
622 3079 809 3129 talenta
838 3097 999 3148 argeti·
1073 3079 1163 3128 bus
1182 3112 1204 3133 ,
1233 3075 1447 3127 sextariis
1482 3073 1648 3122 itidem
1675 3071 1807 3123 Pari-

271 3150 365 3207 cist.
386 3153 580 3203 Marcas
602 3151 835 3204 nostrates
858 3166 961 3220 937
980 3187 1001 3214 ,
1072 3149 1292 3202 fienfibus
1323 3147 1466 3214 paulo
1499 3149 1604 3211 plus
1641 3146 1804 3209 3854.

272 3241 387 3278 cum
409 3227 615 3295 quatuor
634 3225 814 3280 unciis.
1148 3237 1178 3290 3
1197 3223 1406 3273 Firmato
1412 3219 1649 3290 prasidio·
1665 3218 1685 3284 J
1703 3219 1737 3270 F
1742 3219 1806 3268 it«-
