2300 3859
492 195 551 272 L
601 221 631 272 1
684 217 734 272 Β
781 207 826 272 1¹:
878 212 930 272 it
1012 194 1578 272 XXXVIII.
1685 198 1814 298 565

286 303 624 358 convenere
665 318 681 357 τ
714 297 813 359 sed
850 299 981 378 qnia
1016 297 1192 358 nudae
1239 297 1424 358 valles
1445 341 1464 369 ‚
1509 297 1714 378 procul
1749 315 1813 357 ut
1827 303 2058 377 04:56&

285 376 761 459 conspicerentur
804 377 1087 460 angustias
1146 377 1474 440 obsidentes
1515 420 1535 452 ‚
1593 376 2057 446 efficie-a.C.1SS}

289 456 433 516 bant
452 504 472 530 ‚
506 463 693 520 minus
713 464 944 522 terroris
966 459 1352 540 tumultusque
1375 459 1482 519 fuit
1505 459 1660 539 apud
1680 457 1818 520 Ro·
1891 513 1894 518 .

286 557 532 614 manos;
568 543 788 621 quippe
818 541 921 601 etsi
940 544 1140 620 iniquo
1177 542 1317 601 loco
1340 584 1359 614 ,
1390 542 1589 620 praelio
1613 558 1812 600 tamen
1887 585 1892 590 -

286 615 474 699 justo,
508 626 630 682 acie
670 623 870 701 aperta
890 665 913 693 ,
952 622 1176 682 collatis
1215 619 1384 701 fignis
1426 622 1820 681 dimicandum

283 720 435 762 erat.
473 700 743 762 Conferti
764 702 1071 780 subeuntes
1102 722 1234 762 cum
1262 702 1555 776 clamore,
1593 703 1822 782 impetu

284 779 443 846 facio
472 827 491 853 ,
532 784 785 863 primum
834 783 1111 864 expulere
1149 784 1288 843 loco
1331 782 1522 843 hostes
1548 783 1826 856 „deinde

286 863 595 936 avertere3
628 863 765 944 fuga
806 865 945 924 inde
990 863 1290 946 cedesque
1313 907 1336 937 ,
1369 863 1478 924 suis
1517 862 1669 944 ipsos
1713 865 1826 924 im·-

286 943 658 1023 pedientibus
696 943 1000 1027 angustiis,
1032 944 1156 1006 fieri
1199 961 1393 1024 coepta
1431 943 1536 1006 est.
1568 944 1825 1007 Romani

284 1023 553 1086 viantes.
578 1025 652 1088 ad
678 1029 875 1086 vicum
902 1025 1328 1092 Maronitarum
1359 1024 1587 1105 (Sat-en
1615 1028 1830 1106 appel·-

286 1103 457 1188 lant)
495 1106 807 1186 posuerunt
832 1106 1011 1168 castra
1036 1106 1314 1187 ;postero
1349 1108 1448 1167 die
1479 1110 1703 1188 patenti
1730 1110 1826 1168 iti-

284 1205 429 1248 nere
470 1187 741 1256 Priaticus
782 1209 1019 1268 campus
1070 1207 1176 1248 eos
1221 1192 1492 1269 excepit,
1541 1189 1828 1249 triduum·-

287 1287 406 1346 que
448 1268 526 1327 ibi
552 1269 908 1329 frumentum
934 1271 1282 1350 accipientes
1303 1267 1629 1329 manserunt
1651 1315 1670 1340 ,
1691 1291 1828 1350 par·

284 1347 396 1408 tim
431 1368 503 1409 ex
536 1353 683 1430 agris
707 1349 1133 1410 Maronitarum
1159 1396 1177 1422 ,
1202 1349 1634 1410 conserentibus
1655 1349 1824 1430 ipfis,

287 1431 499 1509 partim
533 1451 607 1491 ex
643 1432 885 1492 navibus
920 1428 1029 1490 suis
1054 1475 1073 1503 ‚
1103 1452 1232 1512 quae
1267 1451 1400 1490 cum
1423 1435 1612 1492 omnis
1645 1452 1827 1514 gene·

284 1512 363 1574 tis
401 1530 734 1574 commeatu
754 1511 1161 1594 sequebantur.
1183 1511 1282 1571 Ab
1313 1510 1524 1574 stativis
1546 1557 1566 1585 ,
1592 1512 1707 1573 diei
1733 1516 1826 1574 via

288 1591 677 1671 Apolloniam
701 1592 807 1653 fuit
831 1615 849 1665 ς
892 1594 1022 1653 hinc
1049 1613 1156 1674 per
1183 1592 1594 1654 Abderitarum
1619 1616 1652 1654 a
1695 1613 1824 1656 rum

289 1669 613 1753 Neapolim
636 1693 983 1754 perventum
1018 1673 1122 1735 est.
1143 1674 1280 1735 Hoc
1315 1695 1495 1736 omne
1523 1696 1628 1756 per
1654 1615 1828 1737 {irae-

286 1774 493 1815 corum
546 1757 809 1818 colonias
854 1775 1127 1838 pacatum
1181 1759 1290 1816 iter
1337 1757 1466 1818 fuit.
1508 1756 1823 1838 Reliquum

284 1835 426 1897 inde
466 1856 573 1915 per
605 1839 837 1898 medios
871 1836 1135 1897 Thracas
1173 1837 1296 1895 dies
1328 1837 1678 1918 nofiiesq'ue,
1719 1836 1824 1898 etfi

283 1937 409 1978 non
444 1916 707 1979 infestum
730 1963 750 1992 ‚
782 1916 1105 1998 suspecium
1122 1933 1316 1976 tamen
1341 1963 1358 1990 ,
1383 1919 1572 1979 donec
1606 1920 1672 1976 in
1689 1917 1824 1978 Ma·

289 1998 597 2057 cedoniam
631 2017 1044 2079 pervenerunt.
1082 1997 1351 2058 Mitiotes
1381 1997 1636 2060 Thracas
1661 1999 1824 2060 idem
1903 2067 1910 2071 ,

287 2080 573 2139 exercitus
594 2122 615 2149 ‚
658 2100 835 2158 quum
876 2101 911 2139 a
950 2079 1227 2159 Scipione
1264 2079 1479 2140 eadem·
1513 2081 1611 2140 via
1649 2081 1826 2142 duce·-

284 2177 445 2220 retur
460 2206 482 2234 ‚
508 2162 786 2222 habuerat
804 2205 825 2234 ‚
844 2161 1061 2221 nullam
1075 2161 1156 2220 ob
1171 2161 1340 2220 aliam
1359 2161 1584 2221 causam
1599 2205 1616 2235 ,
1647 2162 1826 2243 quam

290 2242 453 2320 quod
495 2242 705 2323 praedae
764 2245 990 2316 minus,
1024 2242 1186 2323 quod
1242 2261 1535 2321 peteretur
1561 2287 1582 2315 ,
1615 2242 1828 2306 fuerat.

290 2321 647 2404 Quanquam
689 2341 817 2384 tum
857 2345 976 2402 quo
1020 2344 1093 2384 ue
1129 2321 1408 2384 Claudius
1458 2323 1652 2384 anaor
1695 2323 1821 2398 est,

286 2404 363 2463 ad
412 2406 747 2484 quindecim
787 2406 963 2464 millia
980 2345 1290 2464 (isi-tracum
1315 2449 1334 2475 ‚
1375 2406 1724 2484 praecedenti
1748 2405 1825 2466 ad

288 2486 647 2562 exploranda
678 2486 806 2545 loca
840 2506 1051 2566 agmeat
1082 2485 1300 2545 Mutini
1323 2484 1592 2545 Numidae
1622 2507 1828 2546 occur·

292 2563 462 2638 risse3
498 2566 957 2648 quadringentos
1008 2568 1234 2647 equites
1287 2565 1448 2626 fuiss'e
1501 2565 1825 2642 Numidas,

336 2667 511 2707 aucos
554 2647 919 2728 elephantos,
956 2646 1198 2706 Mutinis
1231 2643 1413 2706 filium
1455 2669 1559 2727 per
1595 2649 1829 2710 medios

286 2667 481 2788 testes
517 2749 648 2789 cum
690 2745 927 2788 centum
966 2729 1375 2809 quinquaginta
1401 2727 1632 2790 deleffis
1652 2731 1826 2810 equi·

260 2815 264 2820 “
290 2808 445 2870 tibus
467 2807 818 2891 perrupiss'e3
842 2810 1116 2871 eumdem
1139 2830 1280 2870 mox
1299 2855 1317 2883 ,
1339 2831 1518 2892 quum
1539 2809 1660 2891 jam
1685 2811 1826 2872 Mu-

279 2893 475 2965 ,tines,
516 2894 573 2952 in
612 2891 812 2952 medio
850 2892 1177 2972 elephantis
1219 2891 1559 2966 collocatis,
1597 2895 1658 2952 in
1694 2912 1827 2954 cor·

289 2993 406 3032 nua
458 2974 749 3053 equitibus
804 2972 1083 3054 dispositis
1120 3015 1141 3046 ,
1193 2993 1427 3032 manum
1469 2991 1602 3030 cum
1658 2971 1828 3034 hoste
1906 2967 1914 2978 ³

294 3051 702 3128 conseruisset,
738 3071 1023 3114 terrorem
1059 3053 1132 3112 ab
1161 3069 1328 3133 tergo
1371 3049 1702 3133 praebuisse3
1739 3070 1826 3112 at-

339 3152 409 3192 ue
445 3134 579 3194 inde
624 3135 888 3194 turbatos
926 3132 1171 3214 equestri
1211 3134 1374 3192 velut
1407 3133 1662 3212 procella
1700 3133 1826 3191 ho·-

344 3233 447 3294 es,
482 3213 559 3278 ad
609 3216 873 3298 peditum
925 3235 1296 3300 agmen-non
1349 3211 1654 3278 acceffiffe.
1705 3209 1830 3282 Cn&
