2300 3859
467 203 525 274 L
574 219 605 274 1
655 217 699 274 Β
751 221 795 274 E
844 217 895 275 R
993 143 1540 274 XXXViII.
1666 195 1802 295 581·

270 313 349 358 ne
382 344 400 373 ‚
442 303 767 362 orationem
803 298 955 362 adeo
994 319 1088 359 ma
1132 297 1362 358 nificam
1400 298 1475 358 de
1517 295 1690 356 rebus
1727 296 2046 370 abU.c.365.⁴

271 377 330 438 se
363 381 531 460 gestis
559 381 641 442 est
675 381 908 443 exorsus
933 428 951 457 ‚
985 392 1049 441 ut
1111 381 1217 440 atis
1253 377 1542 439 constaret
1565 422 1584 450 ,
1608 371 2044 438 nemi-nsaw·

272 478 409 518 nem
444 484 697 544 unquam
727 483 920 542 neque
953 462 1198 531 melibs4
1233 480 1426 541 neque
1457 459 1650 519 verihs
1681 459 1806 518 lau-

272 539 469 601 datum
504 542 638 604 esse.
668 543 1027 604 Dicebantur
1061 544 1220 602 enim
1253 542 1326 600 ab
1359 539 1570 601 eodem
1603 542 1804 601 animo

267 621 327 680 in
370 626 626 705 enioque
650 669 669 697 ,
707 645 739 683 a
772 645 889 705 quo
927 623 1082 706 gesta
1128 636 1293 683 erant
1339 640 1354 680 τ
1400 621 1465 681 &
1509 625 1548 682 6
1581 624 1803 682 aurium

267 642 555 763 faffiidium
590 707 790 765 aberat
815 749 833 778 ‚
880 707 1015 786 quia
1052 697 1162 786 pio
1206 702 1466 782 pei-iculo
1506 746 1528 776 ,
1575 720 1697 762 non
1740 705 1802 762 in

270 783 515 863 gloriam
542 831 559 858 ,
582 785 1000 848 referebantur.
1931 857 1938 864 .

351 863 449 926 LI.
468 864 713 927 Tribuni
754 867 941 948 plebis
971 886 1013 944 7
1052 882 1258 929 vetera
1289 865 1524 926 luxuriae
1562 865 1798 924 crimina
1812 870 2044 925 Tribuno-

270 941 767 1025 Syracusanorum
802 948 1177 1009 hibernorum
1205 993 1226 1022 ‚
1258 947 1322 1007 &
1357 947 1557 1007 Locris
1589 943 1906 1006 Plemi-mm
1949 949 2046 997 cri-

268 1031 505 1088 nianum
541 1030 851 1090 tumultum
878 1073 895 1101 ,
916 1050 1095 1110 quum
1122 1029 1196 1088 ad
1229 1027 1410 1088 fidem
1442 1020 2031 1108 praesentiumminatio·

270 1110 575 1170 criminum
644 1107 960 1171 retuliffent
994 1131 1055 1184 ;-·
1069 1109 1478 1191 suspicionibus
1551 1110 1742 1190 magis
1779 1111 1912 1182 ,⁶⁶³⁸

268 1189 447 1328 ἓιιὲιῃ
483 1193 831 1274 argumentis
852 1236 871 1265 ,
906 1193 1170 1272 pecuniae
1205 1206 1388 1271 captae
1425 1209 1592 1250 reum
1628 1210 1803 1275 accua·

297 1289 481 1331 arunt.
515 1274 723 1332 filium
755 1290 977 1352 captum
999 1274 1120 1350 fine
1154 1275 1331 1352 pretio
1356 1274 1622 1332 redditum
1641 1315 1664 1342 ,
1687 1293 1812 1337 om·,

270 1350 529 1433 nibufiyue
565 1354 697 1413 aliis
729 1354 889 1413 rebus
916 1353 1226 1432 Scipionem
1248 1397 1268 1422 ‚
1302 1370 1560 1432 tanquam
1601 1354 1658 1413 in
1681 1350 1804 1432 ejus

270 1434 435 1493 unius
478 1453 642 1494 manu
692 1455 815 1514 pax
852 1438 1119 1494 Romana'
1154 1434 1455 1514 bellumque
1501 1431 1622 1512 effet
1661 1477 1680 1505 ,
1730 1431 1820 1492 αὖ

244 1515 556 1576 'Antiocho
601 1516 828 1575 cultum.
867 1517 1201 1577 Dielatorem
1241 1535 1360 1574 eum
1400 1515 1612 1588 confidi
1642 1558 1664 1586 ,
1692 1537 1804 1575 non

269 1595 505 1676 legatum
540 1597 599 1656 in
625 1598 918 1676 provincia
936 1593 1144 1674 fuisti:
1169 1615 1267 1656 nee
1292 1597 1374 1654 ad
1407 1596 1582 1655 aliam
1607 1616 1713 1655 rem
1741 1597 1804 1656 ιὸ

260 1676 556 1758 profiblum
578 1720 598 1749 ,
627 1677 791 1758 qua'm
828 1695 889 1736 ut
919 1679 983 1736 id
1012 1677 1162 1756 quod
1195 1676 1484 1758 Hispania:
1509 1720 1528 1748 ,
1556 1677 1806 1753 Gallia,

264 1759 483 1818 Sieiliae
504 1802 527 1830 ,
561 1757 766 1836 Africoe
792 1756 1124 1839 jampridem
1160 1756 1476 1836 persuasum
1507 1755 1628 1836 effic
1650 1802 1671 1829 ,
1701 1761 1805 1818 hoc

266 1839 497 1901 Graeeiae
526 1841 783 1919 Afiaequ'e
813 1839 868 1899 ὃ·
903 1839 1152 1900 omnibus
1185 1838 1263 1896 ad
1300 1839 1575 1898 Orientem
1611 1838 1806 1898 versus

265 1921 481 2001 regibus
529 1919 877 2000 gentibusque
926 1935 1216 2002 appareret
1242 1939 1268 1991 ‚·
1312 1938 1478 1978 unum
1536 1921 1803 1979 hominem

264 2018 436 2082 caput
475 2001 822 2080 columenque
854 2001 1071 2081 imperii
1101 2001 1342 2060 Romani
1376 1997 1473 2077 effi
1497 2021 1515 2059 .·
1529 1998 1636 2078 fieb
1675 2022 1804 2059 um-

264 2082 367 2141 bra
392 2081 679 2162 Scipionis
716 2083 995 2141 civitatem
1024 2082 1298 2142 dominam
1343 2082 1512 2140 Orbis
1539 2099 1800 2140 terrarum

265 2162 433 2222 latere
458 2184 477 2222 .-
500 2180 666 2222 nutus
700 2159 820 2242 ejus
858 2183 959 2242 pro
998 2162 1228 2221 decretis
1249 2161 1482 2221 Patrum
1510 2169 1537 2231 ,⁸
1547 2183 1650 2240 pro
1687 2183 1800 2242 po-

259 2244 390 2325 puli
416 2241 572 2322 juffis
606 2239 722 2322 effi.
752 2241 789 2304 8
823 2241 1065 2303 Infamia
1098 2239 1371 2302 intaEium
1395 2242 1655 2316 ‚invidia
1685 2244 1802 2322 qua
1834 2289 1840 2298 .

262 2322 497 2405 possunt
533 2341 763 2404 urgent.
788 2321 1174 2384 Orationibus
1209 2325 1270 2382 in
1311 2321 1544 2384 noRem
1583 2323 1812 2404 perdu-'

262 2404 365 2465 dis
389 2450 407 2479 ,
438 2423 477 2482 9
510 2403 771 2482 prodiRa
804 2405 929 2466 dies
967 2404 1048 2465 est
1072 2427 1093 2480 3
1127 2403 1226 2464 ubi
1260 2423 1330 2463 ea
1365 2407 1527 2465 venit
1547 2449 1566 2478 ‚
1589 2404 1803 2464 tribuni

262 2487 326 2545 in
390 2483 608 2545 Rostris
670 2486 857 2566 prima
913 2486 1045 2548 luce
1110 2483 1516 2547 consederunt.
1569 2481 1802 2547 Citatus

338 2642 373 2692 6
407 2641 605 2692 Aurium
632 2643 874 2707 fastidium
908 2643 995 2692 ab·
1141 2644 1172 2694 8
1197 2642 1654 2710 InfhmiA-intaffum
1673 2677 1689 2704 ‚
1725 2644 1801 2695 in·

264 2716 425 2781 eram]
452 2718 559 2765 Nec
581 2716 875 2766 audientium
906 2735 994 2766 au·
1065 2716 1256 2784 vidia]
1283 2717 1444 2783 Quum
1475 2736 1572 2769 non
1607 2717 1800 2784 peffent

260 2807 343 2842 tes
374 2790 789 2856 aspernabantur,
827 2807 994 2857 grava·
1064 2791 1304 2842 infamiam
1352 2793 1399 2842 ei
1439 2809 1667 2843 verorum
1707 2793 1800 2843 cri-

260 2866 438 2916 bantur
490 2865 613 2912 hanc
665 2863 992 2914 {nudationem
1066 2867 1244 2916 minum
1301 2866 1568 2935 impingere
1599 2899 1614 2924 ,
1666 2867 1813 2917 invi-‘

262 2937 444 3004 abipso
460 2937 687 3002 Scipione
704 2936 991 2988 fibidiaam.
1066 2939 1192 2988 diam
1245 2938 1294 2988 in
1347 2956 1457 2988 eum
1507 2939 1756 2989 concitant
1777 2943 1810 2991 ε’

335 3027 367 3074 7
408 3007 465 3062 V
456 3023 661 3059 eura...-
715 3010 929 3060 crimina.
963 3011 987 3076 J
1066 3011 1200 3078 quod
1219 3023 1273 3060 ut
1293 3009 1483 3076 poffent
1503 3013 1593 3062 viri
1614 3013 1796 3080 magni·

260 3082 347 3133 De
387 3083 459 3131 his
498 3082 905 3133 criminationibus
942 3083 991 3132 in
1066 3085 1188 3133 tudo
1226 3084 1454 3134 faciebat.
1879 3133 1882 3138 .

264 3155 541 3220 Scipionem
576 3155 678 3222 egit
712 3155 879 3206 Livius
916 3156 994 3207 su·
1140 3171 1172 3220 9
1229 3153 1456 3206 Prodifla
1515 3157 1613 3209 dies
1666 3159 1790 3226 est.]

261 3231 350 3296 pta
380 3227 588 3289 XXIX,
617 3241 675 3296 ¹9
698 3228 751 3283 &
780 3228 915 3298 seqq.
1064 3229 1187 3287 vid.
1210 3243 1314 3281 not.
1339 3245 1408 3361 ᾗ,
1433 3232 1490 3280 ad
1516 3233 1627 3294 111,
1659 3249 1745 3300 57.

1355 3361 1358 3363 Α
1407 3301 1444 3364 b
1486 3300 1544 3384 iij
