2300 3859
462 212 520 285 L
574 234 603 283 1
653 213 696 283 n
749 232 794 284 ε
846 233 897 285 R
997 212 1490 300 xxxvu.
1640 212 1776 303 -481

248 308 541 388 'oppidum
586 310 1061 390 Lyconem.cum
1100 308 1415 381 Lusitanis,
1461 306 1557 369 sex
1609 312 1788 371 millia
1803 325 2031 389 U,c.562.

252 388 334 449 de
372 394 625 452 exercitu
653 392 925 452 Romano
964 389 1268 451 cecidisse:
1307 409 1538 450 ceteros
1617 394 2034 456 aven-2.C.19o.

254 484 349 529 tes
374 502 401 542 ,·
434 474 583 533 intra
619 474 838 534 vallum
883 472 1214 553 compulsos
1234 516 1253 545 ,
1297 491 1452 553 aegre
1486 412 1660 531 caifra
1681 472 1794 533 de-

255 546 498 615 fendiss'e
519 599 539 627 ,
582 556 647 614 δι
686 555 760 614 ad
802 553 1044 615 modum
1064 552 1409 638 fugientium
1440 555 1664 635 magnis
1687 556 1793 614 iti-

257 634 493 694 neribus
532 638 590 695 in
625 656 829 717 agrum
881 652 1148 715 pacatum
1192 632 1482 697 recinens.
1528 634 1676 694 Haec
1717 654 1794 696 ex

258 708 537 795 Hispania
580 719 865 776 nunciata.
904 714 991 774 Ex
1037 713 1234 776 Gallia
1273 715 1496 795 legatos
1546 714 1800 783 Placen-2

250 794 509 855 tinorum
528 796 593 857 &
614 794 1182 863 Cremonensium-L.
1200 796 1626 859 Aurunculeius
1644 816 1799 876 praeq
1859 861 1865 867 ,

256 888 357 934 tor
391 878 453 935 in
477 875 736 937 senatum
761 878 1122 951 introduxit3
1161 878 1228 938 iis
1253 876 1628 959 querentibus
1653 878 1800 939 ino·-

305 958 423 1015 iam
457 958 844 1035 colonorum,
878 960 1002 1021 aliis
1034 958 1174 1019 belli
1198 959 1414 1020 casibus
1437 1002 1456 1031 ‚
1489 959 1609 1019 aliis
1635 980 1803 1023 mor-

258 976 345 1097 ἓο
369 1037 681 1120 absumptis
700 1086 719 1114 ‚
750 1040 1032 1122 quosdam
1060 1040 1240 1115 taedio
1275 1040 1600 1101 adcolarum
1636 1038 1800 1101 Gal-

258 1116 457 1179 lorum
518 1120 803 1203 reliquisse
856 1123 1162 1195 colonias,
1212 1120 1474 1183 decrevit
1527 1120 1751 1183 senatus
1775 1135 1803 1196 ,·

264 1202 373 1262 Uti
403 1204 468 1263 C.
505 1204 720 1263 Loelius
755 1204 987 1283 consul,
1006 1206 1065 1283 fi
1106 1204 1158 1261 ei
1195 1204 1467 1283 videretur
1489 1245 1508 1275 ,
1531 1202 1638 1282 sex
1673 1205 1803 1263 mil-

260 1281 347 1341 lia
364 1280 716 1359 familiarum
751 1285 1102 1364 conscriberet
1123 1328 1146 1355 ,
1174 1304 1292 1362 quae
1323 1278 1397 1343 in.
1421 1306 1516 1343 eas
1549 1285 1804 1344 colonias

260 1365 636 1425 dividerentur
654 1387 672 1425 .·
692 1366 748 1425 6·
776 1383 837 1425 ut
856 1368 929 1425 L.
953 1366 1370 1427 Aurunculeius
1379 1382 1582 1445 praetor
1598 1365 1802 1425 trium-

260 1446 416 1507 viros
455 1464 660 1506 crearet
696 1448 776 1505 ad
799 1468 892 1507 eos
936 1446 1163 1507 colonos
1194 1447 1556 1507 deducendos.
1597 1442 1805 1506 Creati
1858 1506 1866 1511 ,

264 1522 359 1585 M.
394 1523 611 1587 Atilius
646 1524 963 1603 Serranus,
1004 1526 1074 1589 L'.
1120 1525 1393 1587 Valerius
1435 1525 1499 1587 P.
1525 1524 1591 1586 F.
1624 1525 1808 1596 Flac-··⁴

264 1624 369 1667 cus
392 1650 413 1678 ,
448 1605 519 1668 L.
561 1606 835 1670 Valerius
868 1600 946 1669 C.
982 1608 1052 1669 F.
1081 1604 1355 1689 ¹Tappus.
1497 1642 1502 1648 ·

348 1684 601 1750 XLVII.
661 1688 838 1751 Haud
874 1692 955 1750 ita
1008 1690 1200 1751 multo
1243 1688 1416 1770 post,
1463 1710 1645 1772 quum
1683 1686 1808 1769 jam

264 1768 655 1830 consularium
676 1772 1049 1832 comitiorum
1082 1789 1389 1850 appeteret
1425 1788 1656 1853 tempus
1679 1815 1696 1844 ,
1723 1766 1808 1831 C.

200 1866 208 1872 ”
265 1846 477 1911 Laelius
512 1850 711 1911 consul
734 1872 809 1913 ex
845 1848 1039 1911 Gallia
1065 1850 1323 1911 Romam
1347 1851 1560 1925 rediit3
1601 1852 1647 1910 is
1683 1872 1810 1914 non
1908 1887 1914 1890 ·

266 1929 458 1991 solum
484 1975 504 2004 ,
548 1953 621 1994 ex
657 1931 808 1993 facio
844 1931 1079 1991 absente
1113 1931 1173 1991 se
1197 1931 1684 2004 senatusconsulto
1707 1976 1725 2004 ,
1748 1934 1814 1993 in

268 2009 740 2092 supplementum
764 2010 1081 2073 Cremonae
1108 2012 1174 2071 &
1193 2010 1498 2073 Placentiae
1526 2011 1774 2073 colonos
1792 2026 1822 2087 ‚¹

270 2090 526 2172 scripfit‚
563 2093 709 2168 sed,
752 2110 814 2154 ut
852 2113 1024 2155 novae
1054 2094 1301 2153 coloniae
1343 2093 1470 2154 duae
1513 2094 1572 2154 in
1610 2112 1817 2174 agrum

270 2175 375 2255 qui
408 2172 695 2236 Boiorum
731 2172 918 2236 fuiffet
958 2174 1424 2248 deducerentur,
1467 2176 1534 2235 &
1583 2172 1815 2249 retulit,
1920 2183 1929 2191 '

272 2257 343 2317 a&
371 2254 603 2317 austere
646 2276 723 2317 eo
768 2255 962 2316 Patres
1007 2254 1372 2316 censuerunt.
1402 2254 1633 2317 Eodem
1659 2274 1820 2316 tem-

271 2357 423 2419 pore
468 2336 538 2397 L.
581 2336 797 2398 AEmilii
834 2340 1100 2417 praetoris
1128 2337 1331 2399 litterae
1373 2338 1559 2398 allatae
1600 2335 1676 2396 de
1709 2348 1818 2396 na-

274 2418 395 2480 vali
433 2438 628 2500 pugna
666 2419 743 2477 ad
792 2417 1195 2500 Myonnesum
1241 2418 1427 2490 fasta,
1477 2418 1543 2478 δι
1581 2415 1649 2476 L.
1685 2415 1819 2477 Sci-

278 2500 525 2579 pionem
552 2498 847 2559 consulem
888 2501 1206 2560 exercitum
1244 2500 1302 2558 in
1331 2497 1528 2559 Afiam
1559 2494 1819 2578 trajecis-

276 2578 361 2640 se.
398 2576 673 2638 Vic'toriae
714 2579 935 2639 navalis
979 2599 1122 2661 ergo
1167 2581 1225 2637 in
1259 2600 1438 2640 unum
1483 2579 1640 2640 diem
1678 2578 1818 2659 sup-

275 2658 517 2743 plicatio
555 2659 788 2720 decreta
829 2658 911 2721 est
950 2680 966 2719 :
1013 2663 1073 2720 in
1118 2661 1366 2721 alterum
1415 2659 1572 2723 diem
1584 2660 1606 2733 ,'
1650 2659 1818 2743 quod

278 2742 571 2807 exercitus
612 2740 913 2807 Romanus
956 2758 1084 2801 tum
1132 2744 1386 2823 primum
1422 2744 1481 2802 in
1528 2738 1666 2803 Asia
1697 2762 1819 2823 po-

270 2822 463 2886 suisset
490 2820 667 2883 castra
690 2867 709 2897 ,
744 2838 804 2884 ut
838 2843 907 2883 ea
946 2842 1037 2883 res
1078 2822 1226 2905 pros
1257 2844 1354 2886 era
1397 2824 1460 2885 &
1500 2824 1631 2885 laeta
1668 2843 1818 2885 eve-

268 2909 427 2967 niret
451 2926 469 2979 ;
496 2905 717 2967 vicenis
752 2902 1069 2983 majoribus
1104 2847 1298 2965 hosgis
1323 2908 1382 2965 in
1417 2905 1498 2964 fin
1543 2906 1663 2973 ulas
1686 2903 1820 2983 sup-

276 2987 623 3067 plicationes
674 2984 992 3047 sacrificare
1049 2986 1249 3047 consul
1302 2985 1384 3047 est
1426 2984 1487 3063 ju
1532 3006 1615 3044 us·
1669 2982 1818 3049 Inde

279 3065 599 3135 consularia
642 3069 877 3131 comitia
937 3067 1151 3149 magna
1191 3067 1570 3127 contentione
1605 3063 1821 3127 habita.

284 3144 379 3207 M.
428 3146 690 3205 AEmilius
744 3146 999 3229 Lepidus
1060 3147 1301 3228 petebat
1324 3191 1347 3218 ,
1382 3146 1626 3207 adversa
1666 3144 1821 3204 fama
1839 3152 2063 3211 Comitia.

280 3227 625 3375 hominuTm‚
664 3228 826 3306 qubd
856 3229 1230 3313 provinciam
1255 3227 1506 3379 Sicilia}
1531 3272 1550 3303 ‚
1583 3226 1824 3311 petendi

545 3326 649 3369 om.
675 3314 745 3375 V.

917 3392 950 3425 Ι
