2300 3859
555 269 703 350 '³¹42
898 253 1228 332 Τιτῑ
1340 258 1760 330 Lrvtr

313 354 906 441 uae.555.Philippas·‚
942 353 1041 437 spe
1083 353 1480 418 frumentandi
1522 354 1660 450 inc-le
1687 399 1708 429 ,
1745 351 2098 434 Romanum

310 440 623 532 D-C0197ut
650 433 986 521 praegressus
1027 454 1433 518 corrumperet
1468 433 1615 496 hosti
1647 435 1954 497 frumenta.
1983 437 2097 500 Per

554 519 715 580 daem
747 537 943 581 totum
963 562 983 591 ,
1015 521 1151 602 quia
1191 518 1376 579 colles
1402 534 1694 600 perpetuo
1731 514 1878 600 jugo
1903 519 2130 580 inter--

550 617 720 662 erant
762 645 785 676 ‚
848 598 1012 660 nullo
1054 597 1361 682 eonspesta
1399 602 1553 659 inter
1586 596 1645 659 se
1683 598 1823 660 loco
1862 600 2099 682 agmina

544 682 759 744 ierunt.
808 679 1066 743 Romani
1107 681 1184 743 ad
1224 680 1512 746 Eretriam
1557 677 1868 740 Phthiotici
1914 682 2088 763 agri,

542 761 694 826 Phili
778 783 848 824 us
882 761 942 823 su
988 781 1053 824 er
1086 781 1323 824 amnem
1357 757 1726 824 Onchestum
1760 759 1954 842 posuit
1992 782 2094 823 ca-

540 842 675 906 stra.
774 863 807 906 e
846 865 927 926 po
977 857 1094 918 ero,
1116 844 1360 928 quidem
1392 844 1488 904 die
1512 887 1534 917 ,
1608 863 1746 904 uum
1786 841 2087 924 Philippus

540 925 622 987 ad
668 925 1058 988 Melambium
1108 926 1274 1008 quod
1320 942 1542 1002 vocant
1567 863 1870 1006 tngotuss‘aei
1914 927 2091 1007 agri,

544 1005 828 1088 Quintius
864 1010 1013 1069 circa
1049 1004 1392 1068 Thetidium
1427 1004 1726 1067 Pharsaliae
1757 1021 1924 1067 terrae
2005 1027 2088 1067 o-

542 1086 730 1149 suiffet
762 1085 943 1150 castra
963 1133 984 1163 ,
1004 1104 1103 1150 aut
1135 1090 1243 1163 hi,
1276 1105 1375 1149 aut
1404 1088 1529 1159 illi,
1555 1087 1658 1148 ubi
1683 1085 1862 1148 hostis
1897 1107 1932 1149 e
1978 1105 2084 1162 et,

534 1169 681 1246 satis,
699 1187 1074 1251 compertum
1098 1169 1444 1232 habuerunt.
1471 1167 1686 1231 Tertio
1725 1167 1824 1230 die
1841 1212 1862 1243 ,
1883 1169 2078 1250 primo

544 1250 855 1394 {nimbus
892 1248 1099 1312 effusus
1120 1293 1139 1326 ,
1171 1251 1309 1312 dein
1350 1251 1542 1334 caligo
1579 1247 1765 1312 nostis
1798 1247 2087 1313 simillima

606 1351 855 1392 omanos
895 1349 1056 1393 metu
1096 1331 1425 1393 insidiarum
1467 1333 1677 1393 tenuit.
2047 1367 2051 1370 ·

624 1411 767 1473 vll.
788 1411 1084 1494 Philippus
1107 1414 1436 1477 maturandi
1465 1415 1686 1476 itineris
1714 1410 1884 1472 causa
1901 1458 1921 1488 ,
1947 1409 2082 1495 post

533 1491 784 1562 imbrem
814 1514 857 1568 4
878 1495 1125 1556 nubibus
1148 1497 1211 1557 in
1243 1514 1458 1556 terram
1490 1491 1781 1571 demiffis,
1802 1494 1944 1554 nihil
1969 1496 2087 1556 de·-

533 1577 767 1637 territus
787 1599 809 1649 ,·
829 1575 987 1659 signa
1020 1574 1158 1637 ferri
1189 1573 1344 1658 jussit
1367 1595 1384 1637 ε
1411 1574 1513 1638 sed
1535 1595 1658 1639 tam
1685 1573 1858 1637 densa
1885 1575 2077 1660 caligo

536 1656 938 1719 obcaecaverat
976 1657 1134 1719 diem
1167 1702 1193 1730 ‚
1227 1675 1294 1718 ut
1325 1676 1532 1741 ⁴neque·
1575 1655 1830 1742 signiferi
1871 1660 2029 1719 viam
2055 1704 2078 1735 ‚

537 1757 653 1800 nec
674 1737 833 1822 signa
854 1739 1070 1800 milites
1100 1755 1407 1801 cernerent
1427 1759 1448 1812 ;
1469 1759 1683 1822 agmen
1711 1739 1787 1800 ad
1821 1739 2080 1802 incertos

540 1819 830 1882 clamores
867 1841 1083 1903 vagum
1111 1821 1277 1882 velut
1314 1840 1514 1885 errore
1547 1821 1835 1884 noant-no
1870 1821 2082 1883 turba-

310 1918 532 1974 Praelium
547 1913 727 1980 retur.
754 1899 1112 1986 Supergreffi
1144 1901 1400 1965 tumulos
1419 1946 1444 1974 ,
1477 1904 1576 1985 qui
1607 1899 2083 1984 Cynoscephalae

301 1999 373 2047 ad
448 1998 533 2064 Cy·
544 2002 830 2045 vocantur
859 2029 880 2058 ,
920 1981 1118 2046 reliaa
1160 1984 1244 2045 ibi
1289 1981 1536 2046 statione
1586 1981 1756 2045 firm&
1805 1984 2078 2066 peditum

302 2067 472 2138 nosce·
541 2067 801 2147 equitum
846 2085 919 2126 ue
958 2109 979 2141 ,
1068 2063 1341 2129 osuerunt
1376 2063 1575 2127 castra.
1620 2064 1927 2127 Romanus
1962 2064 2082 2128 eis-

294 2143 492 2214 phalas.
544 2147 685 2208 dem
715 2146 790 2210 ad
804 2087 1002 2208 qsheti
1044 2149 1168 2207 ium
1209 2145 1399 2208 castris
1435 2165 1616 2229 quum
1649 2146 1711 2210 se
1739 2144 2010 2209 tenuiss'et
2049 2193 2075 2226 ,

540 2229 915 2309 exploratum
942 2247 1140 2290 tamen
1169 2228 1269 2289 ubi
1294 2227 1472 2292 hostis
1497 2226 1680 2301 esset,
1714 2227 1924 2290 decem
1949 2243 2082 2290 tur-

540 2329 668 2371 mas
702 2311 962 2392 equitum
980 2354 1000 2381 ‚
1029 2309 1096 2369 &
1135 2326 1165 2392 ς
1207 2309 1369 2373 mille
1441 2309 1629 2371 edites
1664 2307 1852 2370 misit:
1877 2311 2080 2372 moni-
2199 2367 2206 2372 ,

535 2408 635 2452 tos
679 2409 745 2451 ut
782 2392 856 2451 ab
898 2388 1111 2450 insidiis
1134 2434 1158 2465 ‚
1188 2411 1331 2474 quas
1411 2392 1494 2453 ies
1541 2389 1816 2452 obscurus
1853 2395 2072 2474 apertis

532 2490 773 2554 quoque
811 2473 955 2532 locis
991 2469 1243 2534 testurus
1281 2470 1422 2534 esset
1443 2518 1462 2548 ,
1492 2489 1911 2552 precaverent.
1942 2472 2076 2535 Ubi

526 2558 776 2615 ventum
808 2553 882 2614 ad
910 2549 1145 2614 insessos
1175 2554 1434 2616 tumulos
1464 2551 1548 2614 est
1566 2597 1588 2628 ‚
1611 2573 1836 2634 pavore
1859 2571 2070 2617 mutuo

528 2633 745 2711 injeEio
782 2634 946 2695 velut
978 2650 1285 2715 torpentes
1319 2636 1703 2718 quieverunt:
1733 2635 1870 2697 dein
1910 2657 2072 2696 nun-

528 2716 633 2776 ciis
661 2733 817 2778 retro
850 2717 911 2775 in
936 2713 1114 2776 castra
1136 2717 1212 2778 ad
1251 2715 1431 2780 duces
1463 2712 1639 2775 missis
1660 2759 1683 2788 ,
1706 2717 1807 2777 ubi
1840 2717 2068 2798 primus

526 2811 719 2865 terror
751 2796 825 2856 ab
868 2797 1230 2879 necopinato
1266 2798 1392 2860 visu
1426 2795 1688 2859 consedit
1715 2840 1736 2871 ‚
1765 2817 1890 2858 non
1923 2797 2070 2859 diu-

518 2879 637 2940 tius
686 2881 1002 2940 certamine
1049 2876 1398 2943 abstinuere.
1441 2877 1734 2959 Principio
1777 2898 1814 2938 a
1860 2883 2066 2960 paucis

598 3014 625 3066 3
653 3001 855 3054 Nimbus
888 3001 1120 3074 effiasus.]
1157 3005 1252 3058 lm·
1321 3005 1502 3058 nebula
1520 3017 1686 3062 „tetra
1735 3005 2060 3060 incumbenti-

522 3075 660 3128 btem
684 3076 921 3146 intellige·
1321 3081 1433 3132 bus.
2059 3134 2066 3140 ,

594 3164 632 3210 4
658 3149 875 3202 Nubibus
900 3150 952 3202 in
978 3167 1152 3204 tetram
1167 3155 1250 3204 de-
1399 3167 1426 3216 5
1467 3151 1620 3206 Mille
1641 3149 1883 3224 peditem]
1911 3154 2066 3228 Lege·

520 3222 720 3292 ruffa]
754 3223 977 3278 Nubibus
1012 3244 1110 3277 non
1149 3227 1247 3278 sus-
1317 3227 1489 3282 velites
1506 3227 1821 3302 “Polybio-

517 3295 677 3367 peufis
710 3298 763 3352 in
790 3315 906 3355 aete
922 3333 943 3366 2
969 3299 1056 3355 sed
1092 3299 1248 3357 densi
