2300 3859
0 2554 11 2754 unu-v·—

261 3287 266 3294 ·
327 3260 512 3312 bonum
582 3261 788 3315 alienum
839 3295 860 3325 ,
923 3261 1056 3329 quod
1127 3261 1231 3314 alto
1254 3258 1395 3315 mari·

582 223 1002 296 Linea
1101 224 1494 299 XXXV.
1692 249 1827 323 345

296 336 438 382 num
463 322 713 384 alienum
733 322 1000 384 oderunt.
1034 319 1349 406 Extemplo
1377 320 1679 384 confilium
1703 325 2074 406 mit-U.c.560.

295 403 836 488 tendixAnnibaliQ
867 404 1030 484 quod
1063 425 1241 464 unum
1270 407 1330 464 in
1362 405 1651 486 principio
1693 403 1831 466 belli
1845 410 2074 472 a.C.192.

296 484 512 544 utiliter
556 489 875 567 cogitatum
925 503 1048 545 erat
1072 531 1094 558 ‚
1130 484 1417 564 abjekium
1460 484 1563 546 est.
1599 483 1831 546 Deme-

291 565 492 626 triadis
535 567 789 626 maxime
832 565 1164 627 defefflone
1201 567 1272 626 ab
1310 566 1592 628 Romanis
1617 566 1691 626 ad
1711 567 1823 626 AE-

208 724 213 729 ,
292 647 454 706 tolos
492 647 712 722 elatus,
756 668 876 707 non
931 647 1076 707 ultra
1130 646 1361 708 diffe'rre
1403 646 1829 730 profefflonem
1874 711 1879 718 ,

291 728 354 786 in
389 725 678 788 Graeciam
722 726 1035 788 constituit.
1076 726 1404 809 Priusquam
1443 727 1695 790 solveret
1715 749 1830 788 na·-
1896 753 2073 806 Antio-

291 828 402 869 ves
425 851 446 880 ‚
482 807 654 869 Ili-um
685 830 718 868 a
761 812 903 868 mari
939 809 1238 870 adscendit
1261 853 1279 882 ,
1327 827 1393 870 ut
1424 809 1711 870 Minervae
1747 809 1945 878 sa-chu,
2021 829 2072 878 1„

293 887 597 951 crificaret.
634 887 778 951 Inde
827 889 904 950 ad
941 889 1171 950 classem
1208 889 1481 972 regress'us
1506 935 1525 964 ‚
1563 888 1825 970 proficis·
1839 903 1998 952 Euro·

295 971 442 1031 citur
476 971 852 1053 quadraginta
891 969 1053 1032 teffis
1090 972 1376 1044 navibus,
1414 974 1627 1053 apertis
1663 971 2075 1045 sexa-pamtrae-

295 1053 457 1133 ginta
488 1072 502 1109 :
539 1053 604 1113 &
629 1053 894 1113 ducentae
934 1055 1384 1113 onerariae-cum
1420 1055 1611 1114 omnis
1651 1049 1962 1135 gene-1⁰1⁶&-

296 1135 374 1192 ris
395 1151 728 1195 commeatu
751 1177 772 1208 ‚
798 1133 1124 1214 bellicoque
1144 1133 1265 1194 alio
1288 1151 1564 1216 apparatu
1579 1180 1597 1208 ,
1622 1129 1833 1215 seque}

297 1214 526 1274 bantur.
579 1214 839 1276 Imbrum
892 1217 1081 1294 primo
1135 1214 1375 1274 insulam
1410 1217 1595 1276 tenuit
1638 1236 1651 1274 τ
1696 1217 1833 1277 inde

297 1293 593 1358 Sciathum
624 1293 891 1375 trajecit3
927 1296 1026 1357 ubi
1066 1295 1321 1356 colleffls
1364 1295 1399 1357 8
1444 1300 1501 1355 in
1533 1296 1653 1357 alto
1704 1318 1835 1378 quae

301 1373 580 1457 diffipatae
627 1393 792 1439 erant
839 1378 1122 1450 navibus,
1160 1377 1235 1437 ad
1270 1375 1537 1438 Pteleum
1627 1378 1834 1438 timum

301 1459 658 1521 continentis
708 1459 895 1520 venit.
952 1456 1042 1520 Ibi
1082 1457 1447 1540 Eurylochus
1482 1459 1538 1519 ei
1580 1399 1839 1541 Klagne·

303 1539 530 1600 tarches
569 1539 966 1622 principesque
1008 1539 1357 1623 Magnetum
1384 1541 1456 1600 ab
1497 1538 1838 1601 Demetria-

303 1621 382 1682 de
415 1640 831 1693 occurrerunt;
866 1641 1113 1703 quorum
1139 1621 1465 1702 frequentia
1501 1621 1659 1682 laetus
1681 1665 1699 1694 ,
1739 1622 1841 1687 die

305 1699 540 1784 postero
576 1705 638 1764 in
676 1703 837 1763 urbis
874 1721 1110 1784 portum
1143 1706 1387 1765 navibus
1431 1700 1513 1764 est
1552 1701 1841 1765 inveeius.

303 1781 528 1866 Copias
559 1785 712 1846 haud
774 1787 934 1846 rocul
967 1784 1106 1846 inde
1131 1783 1436 1864 exposuit;
1466 1783 1674 1845 decem
1694 1780 1839 1854 mil-

303 1865 380 1928 lia
420 1863 682 1945 peditum
793 1885 930 1938 ere,
983 1866 1048 1925 δι
1099 1867 1401 1948 quingenti
1441 1867 1703 1945 equites,
1744 1862 1843 1925 sex

305 1947 642 2029 elephanti3
677 1949 778 2009 vix
819 1946 892 2006 ad
936 1943 1229 2006 Graeciam
1264 1945 1501 2006 'nudam
1540 1965 1843 2025 occupan-

307 2028 447 2089 dam
477 2029 612 2090 satis
668 2030 1006 2108 copiarum,
1050 2026 1271 2087 nedum
1326 2027 1400 2087 ad
1451 2024 1843 2086 sustinendum

306 2108 646 2172 Romanum
663 2110 904 2170 bellum.
939 2107 1118 2168 AEtoli
1141 2154 1162 2183 ‚
1194 2105 1572 2189 posteaquam
1611 2107 1846 2168 Deme·-

308 2192 556 2254 triadem
593 2189 812 2255 venisse
859 2191 1223 2251 Antiochum
1258 2189 1491 2250 allatum
1532 2188 1654 2264 est,
1691 2208 1847 2249 con-

311 2273 446 2335 cilio
479 2273 700 2336 indicio
720 2318 740 2348 ‚
769 2274 1099 2345 decretum,
1132 2292 1253 2352 quo
1284 2269 1626 2332 arcefferent
1660 2289 1797 2331 eum
1818 2315 1841 2346 ,

309 2353 762 2417 fecerunt.-Jam
813 2353 1104 2436 profecius
1147 2352 1221 2412 ab
1265 2351 1646 2423 Demetriade
1686 2372 1791 2412 rex
1818 2396 1842 2426 ,

314 2438 452 2517 quia
503 2439 590 2506 ita,
633 2437 970 2496 decreturos
1011 2434 1220 2494 sciebat
1248 2478 1269 2507 ,
1310 2433 1609 2493 Phaleram
1655 2433 1715 2493 in
1762 2432 1845 2494 si-

313 2537 458 2578 num
517 2516 832 2577 Maliacum
911 2513 1259 2596 processerat
1318 2536 1338 2589 ;
1403 2515 1537 2575 inde
1602 2514 1844 2576 decreto

299 2612 562 2676 'accepto
596 2641 617 2670 ‚
672 2597 930 2656 Lamiam
997 2597 1163 2658 venit
1210 2639 1231 2669 ‚
1288 2613 1565 2677 exceptus
1622 2597 1848 2678 ingenti

314 2677 524 2739 favore
573 2678 950 2740 multitudinis
983 2722 1002 2751 ,
1045 2699 1177 2742 cum
1232 2676 1520 2758 plausibus
1566 2676 1847 2738 clamori-

314 2757 544 2904 11:³23ng
549 2801 567 2834 ‚
589 2759 654 2819 &
671 2760 876 2840 quibus
907 2757 1028 2818 aliis
1046 2759 1258 2884 'laetitia
1282 2757 1455 2822 effusa
1490 2760 1651 2843 vulgi
1670 2757 1848 2842 signi-q

319 2967 390 3036 gis
409 2969 654 3034 placeret,
671 2982 721 3015 nt
745 2965 935 3018 bonum
947 2965 1046 3030 Qui
1121 2983 1267 3034 quum
1286 2966 1344 3017 ad
1376 2965 1423 3017 se
1454 2964 1569 3015 nihil
1598 2964 1851 3032 pertinere

321 3037 502 3091 c'onscii
543 3040 625 3092 fibi
667 3041 774 3091 sunt
812 3041 962 3108 pusilli
999 3041 1048 3090 in
1121 3040 1395 3107 intelligant
1414 3072 1429 3098 ,
1456 3039 1502 3088 in
1524 3039 1626 3089 aliis
1644 3039 1852 3104 reperiri

323 3130 493 3180 magna
512 3114 707 3164 fortuna
728 3113 906 3176 animi,
927 3114 1051 3164 ode·
1123 3113 1323 3163 moleste
1367 3113 1546 3162 ferunt.
1736 3173 1747 3182 .

325 3199 440 3236 runt
494 3188 726 3237 virtutem
759 3221 778 3246 ‚
827 3199 1051 3255 tanquam
1202 3186 1232 3236 8
1257 3184 1621 3252 In·alto⁴quae.]
1646 3182 1770 3250 Quae
1799 3183 1854 3236 in

1504 3324 1618 3392 Pv
