2300 3859
519 172 604 272 5²8
858 171 1699 248 T1T'1'L1vrt

265 288 495 352 [Le-552·
589 268 722 331 XL.
756 269 844 332 Ita
876 270 1144 352 angustiae
1183 273 1413 334 minore
1454 276 1822 349 certamine‚'
1866 277 2051 359 quiin

179 404 182 407 ,
264 352 672 429 a.c.200.quod
725 355 927 413 animis
969 352 1393 433 proposuerant
1421 400 1444 431 ,
1514 354 1835 436 superatae,
1877 363 1939 419 ὃ(
1979 366 2049 421 in·

387 447 391 452 '
505 428 814 493 Eordaeam
863 454 1211 513 perventum
1234 454 1256 507 3
1308 436 1407 495 ubi
1442 435 1793 516 ‘pervastatis
1839 441 2042 519 passim-

501 516 694 597 agris,
736 516 796 573 in
837 512 1122 577 Elimeam
1159 514 1221 577 ‚se
1258 520 1487 599 recepit
1525 539 1540 577 ε
1580 515 1717 579 inde
1753 521 2047 601 impetum
2122 552 2127 557 ·

495 597 560 657 in
597 593 932 657 Orestidem
969 596 1110 663 fecit
1147 596 1270 669 ;.&
1304 619 1343 658 o
1386 598 1591 680 pidum
1630 598 1933 662 Celetrum
1956 602 2047 664 est

483 676 848 759 ‘aggreffus‚.
881 680 942 738 in
982 678 1281 760 peninsula
1324 620 1515 741 litium.
1582 680 1768 742 Lacus
1816 687 2043 745 tnoeniae

502 761 729 841 cingit:
767 758 1015 842 angustis
1064 758 1321 823 faucibus
1368 783 1551 823 unum
1588 782 1660 821 ex
1712 764 2041 825 continenti

500 840 616 901 iter
663 839 764 901 est.
816 840 1010 902 Primo
1059 840 1165 901 situ
1214 840 1339 922 ipso
1395 842 1567 921 freti,
1607 843 1803 903 clausis
1854 847 2042 925 portis

503 923 815 1003 imperium
871 921 1124 982 abnuere
1173 943 1187 980 :
1243 922 1457 983 deinde
1517 919 1820 1004 postquam
1877 924 1917 983 fi
1962 948 2041 988 na

502 1002 684 1075 ferri,
721 1024 790 1061 ac
825 1001 1108 1063 testudine
1127 1000 1350 1061 succedi
1373 1004 1447 1063 ad
1479 1021 1744 1082 portam,
1770 1004 1909 1065 obse
1956 1006 2053 1067 asi
2138 1012 2143 1015 ’

503 1104 622 1163 que
672 1082 868 1144 fauces
906 1085 1136 1165 agmine
1196 1080 1439 1143 hostium
1491 1084 1800 1160 viderunt,
1854 1086 2045 1166 prius-

503 1185 681 1245 quam
723 1166 1120 1244 experirentur
1164 1170 1501 1238 certamen,
1548 1185 1709 1225 metu
1752 1168 1811 1225 in
1856 1168 2035 1229 dedi--

500 1238 732 1305 tionem
776 1262 1085 1305 venerunt.
1137 1244 1237 1305 Ab
1279 1240 1522 1306 Celetro
1562 1249 1620 1315 in
1675 1244 2033 1311 Dassaretios

499 1324 774 1407 proceffit
807 1346 824 1384 ε
853 1327 1176 1407 urbemque
1205 1324 1423 1387 Pelium
1460 1330 1533 1386 vi*
1564 1330 1716 1407 cepit
1756 1349 1785 1388 ε.
1808 1328 2037 1393 servitia

498 1408 640 1468 inde
681 1426 812 1467 cum
843 1426 1036 1469 cetera
1076 1406 1269 1487 praeda
1294 1408 1531 1467 abduxit
1534 1452 1570 1482 2
1610 1412 1677 1469 &
1714 1410 1893 1472 libera
1928 1434 2035 1473 ca-

495 1490 619 1569 pita
651 1486 768 1550 stne
811 1492 1002 1569 pretio
1046 1486 1255 1548 dimifit
1292 1508 1309 1547 ε
1348 1511 1385 1549 o
1431 1490 1855 1571 pidumqueiis
1898 1494 2040 1555 red-

497 1568 678 1641 didit,
704 1568 968 1650 praefidio
996 1568 1194 1629 valido
1217 1572 1379 1650 impo
1426 1587 1488 1631 to
1516 1592 1531 1630 z
1556 1593 1688 1631 nam
1717 1571 1779 1631 &
1803 1571 1904 1633 fita
1924 1596 2035 1657 op·

491 1650 746 1731 por-tune
786 1651 920 1710 urbs
957 1667 1080 1711 erat
1117 1650 1192 1711 ad
1218 1652 1469 1731 impetus
1511 1653 1569 1711 in
1610 1652 2037 1717 Macedoniam

493 1730 820 1793 faciendos.
857 1732 944 1793 Ita
981 1734 1297 1815 peragratis
1344 1732 1595 1795 hostiurn
1644 1734 1833 1816 agris,
1875 1758 2032 1797 con-

494 1810 580 1871 ful
617 1816 680 1876 in
721 1814 853 1874 loca
889 1811 1006 1892 jam
1049 1830 1252 1895 pacata
1289 1814 1369 1873 ad
1408 1815 1791 1895 Apolloniam
1814 1862 1832 1889 ‚
1870 1818 2038 1879 unde

493 1892 656 1955 orsus
691 1894 1113 1975 bellum.erat,
1164 1916 1235 1955 co
1282 1896 1363 1955 ias
1407 1896 1651 1957 reduxit.
1698 1896 2031 1978 Philippum

493 1992 826 2037 averterant
857 1976 1040 2037 AEtoli
1067 2022 1088 2049 ‚
1121 1976 1183 2037 δι
1272 1977 1695 2052 thamane5‚·&
1731 1976 2035 2053 Dardani,

495 2057 564 2117 &
603 2076 692 2119 tot
733 2058 887 2118 bella
925 2058 1165 2139 repente
1202 2059 1312 2117 alia
1354 2078 1427 2120 ex
1470 2060 1590 2118 aliis
1627 2059 1769 2118 locis
1806 2077 2037 2121 exorta.

491 2136 795 2199 Adversus
838 2138 1149 2199 Dardanos
1187 2136 1305 2217 jam
1338 2142 1679 2219 recipientes
1710 2159 1781 2199 ex
1816 2138 2029 2201 Mace-

490 2218 670 2280 donia
696 2218 810 2279 sese
833 2264 851 2292 ‚
900 2218 1339 2299 Athenagoram
1370 2240 1503 2279 cum
1542 2220 1823 2298 expeditis
1851 2222 2027 2301 pedi-

489 2300 643 2359 tibus
682 2321 746 2360 ac
779 2296 1022 2377 ·maj0te
1059 2316 1223 2381 parte
1269 2298 1553 2379 equitatus
1589 2298 1775 2375 mifit,
1818 2297 2029 2379 jussum.

492 2380 700 2442 instare
739 2382 810 2441 ab
845 2399 1015 2463 tergo
1060 2380 1398 2441 abeuntibus
1424 2422 1442 2455 ,
1484 2382 1551 2442 &
1592 2384 1890 2465 carpendo
1920 2406 2033 2465 po-

489 2460 762 2523 stremum
799 2482 1011 2544 agmen
1036 2506 1054 2534 ,
1092 2461 1149 2522 se
1192 2464 1387 2523 niores
1432 2482 1537 2523 eos
1580 2463 1654 2524 ad
1692 2466 2025 2527 movendos

493 2544 678 2605 domo
733 2546 1020 2605 exercitus
1077 2563 1108 2604 e
1178 2564 1332 2605 cere.
1376 2544 1607 2611 AEtolos
1650 2542 2025 2607 Damocritus

533 2642 740 2698 raetor,
784 2629 881 2705 qui
924 2646 1102 2685 morae
1125 2625 1201 2684 ad
1228 2625 1663 2687 decernendum
1703 2626 1927 2689 bellum
1947 2628 2023 2689 ad

487 2644 856 2785 Kaupaaum
899 2705 1095 2765 audior
1127 2704 1350 2780 fuerat,
1380 2704 1541 2766 idem
1623 2709 2023 2767 roximocon-

423 2788 620 2847 .-cilio
657 2788 732 2847 ad
767 2804 925 2845 arma
963 2787 1343 2859 conciverat,
1387 2786 1517 2867 post
1565 2727 1780 2845 {leimam
1832 2808 2021 2868 eque-

481 2866 604 2926 stris
643 2868 715 2927 ad
755 2864 1159 2948 Gestolophum
1195 2864 1444 2950 pugnae,
1480 2866 1893 2927 Dardanorum
1944 2892 2028 2933 ue·

481 2948 544 3009 &
581 2946 832 3011 Pleurati
857 2970 993 3009 cum
1031 2949 1241 3029 Illyriis
1284 2946 1579 3029 transitum
1618 2950 1676 3009 in
1720 2948 1891 3011 Mace
1942 2974 2021 3011 o-

476 3032 676 3106 niam,
721 3031 796 3091 ad
835 3030 959 3100 haec
997 3028 1177 3093 claffis
1218 3029 1501 3109 Romanae
1526 3030 1564 3093 6
1590 3030 1909 3094 adventum
1952 3036 2023 3097 in‘

554 3208 584 3258 6
607 3172 874 3259 Adveniun
901 3207 954 3261 ἰη
975 3208 1209 3278 Oreum]
1283 3206 1419 3277 Lege
1440 3208 1689 3259 aduentum
1710 3207 1904 3264 Oreum.
1930 3209 2017 3265 sie
