2300 3859
611 197 669 269 L
720 216 748 267 1
799 215 846 267 B
897 216 943 267 E
993 218 1044 270 n
1137 192 1489 271 XXXI:
1730 206 1828 289 ‘37

294 282 488 351 hostes
520 293 581 354 in
608 292 894 376 potestate
927 312 1080 357 ratus
1102 340 1119 369 ,
1138 295 1267 373 &7
1295 295 1393 357 diu
1430 290 1631 374 optata
1664 294 1823 367 caede
1843 308 2073 373 [205522

219 421 226 428 .
291 368 540 455 (neque
567 378 726 436 enim
752 378 849 437 ulli
870 373 1209 437 Graecarum
1231 378 1533 439 civitatum
1565 373 1823 435 infestior
1840 374 2075 430 a.C.200.

291 455 464 536 erat)
502 458 870 537 expleturum
894 501 916 532 ‚
957 459 1297 520 cohortatus
1335 458 1545 517 milites
1572 501 1589 529 ‚
1624 475 1693 533 ur
1710 502 1727 530 ‚
1756 459 1823 535 se

289 535 565 599 intuentes
586 583 607 612 ‚
653 558 962 621 pugnarent
993 586 1014 613 ,
1041 541 1347 621 sciremque
1389 540 1466 600 ibi
1499 540 1663 620 fignss
1686 583 1711 610 ‚
1743 538 1827 599 ibi

290 620 467 679 aciem
513 619 640 699 ςῌὲχ
659 624 844 683 dehere
881 664 901 695 ,
941 623 1036 681 ubi
1081 642 1180 681 rex
1224 620 1345 701 fft
1385 665 1406 695 ,
1458 621 1710 681 concitat
1757 621 1821 682 in

287 695 486 759 hostes
536 721 754 783 equum
781 748 804 775 ,
850 724 972 763 non
1028 703 1114 762 ira
1162 704 1391 763 tantum
1424 745 1445 775 ,
1488 700 1590 763 sed
1640 703 1820 762 etiam

292 774 482 860 gloria
525 784 716 845 elatus
757 804 773 843 t
819 784 980 865 quod
1018 786 1243 866 ingenti
1286 782 1457 843 turba
1509 782 1819 863 completis
1846 808 2069 861 Praelium

290 861 470 920 etiam
507 864 583 926 ad
620 862 1000 946 spectaculum
1038 867 1217 926 muris
1249 910 1272 938 ‚
1316 862 1568 946 conspici
1608 862 1666 923 se
1706 884 1817 943 pu·
1836 903 2069 935 memora-

287 960 568 1023 gnantem
608 949 908 1029 egregium
951 946 1223 1008 ducebat.
1256 944 1637 1026 Aliquantum
1683 961 1820 1009 ante
1840 958 2069 1013 bileedit.

287 1024 478 1085 aciem
516 1048 659 1102 cum*
681 1029 966 1109 equitibus
1001 1030 1201 1110 paucis
1230 1027 1465 1090 evessus
1504 1028 1563 1086 in
1592 1026 1825 1087 medios'

287 1103 485 1166 hostes
519 1153 540 1183 ,
583 1111 886 1191 ingentem
930 1130 1111 1191 quum
1158 1109 1267 1169 suis
1310 1108 1584 1169 ardorem
1618 1152 1640 1182 ,
1698 1125 1825 1168 tum

288 1205 580 1266 pavorem
613 1188 871 1265 hostibus
907 1188 1105 1270 injecit
1141 1211 1159 1249 t
1198 1189 1477 1270 plurimos
1510 1210 1685 1249 manu
1724 1189 1823 1249 sust

290 1271 556 1331 cominus
613 1271 948 1353 eminusque
999 1271 1334 1333 vulneratos
1380 1270 1823 1354 compulsosque

291 1348 352 1408 in
387 1370 621 1431 portam
654 1354 994 1414 consecutus
1033 1351 1096 1413 &
1132 1351 1251 1434 ipse
1278 1396 1296 1425 ‚
1370 1374 1505 1413 uum
1534 1348 1825 1432 majorem

288 1430 352 1489 in
388 1432 654 1517 angustiis
693 1436 1110 1517 trepidantium
1150 1374 1411 1495 edidisset
1457 1434 1677 1494 caedem
1703 1478 1726 1507 ‚
1761 1438 1823 1495 in

287 1518 600 1576 temerario
636 1518 874 1598 incepto
911 1533 1100 1577 tutum
1143 1532 1342 1576 tamen
1376 1531 1675 1596 receptum
1716 1516 1824 1575 ha-

286 1592 416 1655 huit
455 1616 469 1655 :
507 1599 641 1678 quia
679 1602 779 1679 qui
819 1600 876 1657 in
914 1598 1160 1658 turribus
1196 1613 1380 1678 portae
1424 1615 1587 1657 erant
1612 1642 1631 1671 ‚
1661 1594 1823 1657 susti·

283 1677 506 1737 nebant
553 1678 672 1739 tela
713 1723 733 1753 ,
779 1700 855 1741 ne
906 1682 965 1739 in
1020 1676 1326 1760 permistos
1380 1677 1636 1739 hostibus
1688 1677 1825 1737 suos

285 1755 672 1837 conjicerent.
727 1758 884 1821 Intra
946 1781 1146 1821 muros
1209 1756 1421 1821 deinde
1482 1758 1819 1821 tenentibus

283 1839 500 1901 milites
537 1840 982 1913 Atheniensibus
1011 1886 1029 1917 ,
1065 1841 1359 1923 Philippus
1382 1884 1403 1916 ,
1438 1838 1481 1899 si
1563 1865 1601 1903 o
1648 1860 1822 1901 rece-

282 1922 414 2001 ptui
447 1921 585 1985 dato
612 1970 633 1999 ‚
663 1922 838 1985 castra
871 1924 944 1983 ad
983 1923 1020 1984 8
1061 1920 1439 2005 Cynosarges
1482 1862 1821 2003 &emplum

283 1998 556 2068 Herculis
587 2051 606 2079 ,
657 2005 1138 2088 gymnasiumque
1171 2049 1191 2079 ,
1238 2004 1305 2064 &
1347 2006 1508 2063 lucus
1540 2022 1663 2065 erat
1699 2006 1820 2063 cir·-

281 2083 650 2169 cumjeshis)
682 2086 901 2168 posuit:
927 2087 1026 2148 sed
1062 2084 1441 2166 Cynosarges
1466 2128 1485 2157 ,
1513 2084 1577 2145 &
1615 2103 1653 2165 9
1690 2082 1818 2165 Ly·
1885 2098 2065 2151 Diruta

283 2186 456 2227 ceum
482 2212 502 2241 ,
548 2168 613 2228 &
653 2169 920 2250 quicquid
972 2168 1142 2229 fausti
1192 2166 1488 2227 amoenive
1533 2168 1682 2227 circa
1725 2188 1815 2227 ur·
1832 2173 1989 2223 omnia
2142 2203 2147 2208 -

282 2246 423 2307 bem
462 2268 586 2309 erat
612 2294 633 2324 ‚
665 2249 974 2311 incensum*
999 2247 1080 2310 est
1105 2294 1123 2322 ,
1166 2248 1467 2328 dirutaque
1510 2270 1634 2309 non
1669 2247 1814 2309 tesia
1833 2246 1958 2297 circa
1984 2244 2066 2305 Af

282 2328 472 2389 solitm
496 2375 515 2403 ‚
554 2330 656 2391 sed
694 2334 869 2393 etiam
905 2330 1164 2412 sepulcra
1193 2350 1211 2388 ε
1247 2349 1359 2390 nec
1394 2329 1576 2403 divini
1609 2323 2019 2391 huma-‘⁶²⁶⁶'-

279 2413 421 2471 nive
456 2408 594 2489 juris
625 2414 932 2495 quicquam
973 2434 1092 2495 prae
1127 2413 1439 2493 impotenti
1468 2413 1549 2471 ira
1585 2408 1665 2472 est
1706 2410 1823 2498 ser-

288 2508 514 2555 vatum.
1123 2538 1130 2544 -
1648 2556 1655 2569 ,
1728 2568 1737 2573 ‚

371 2571 570 2635 XXV.
591 2573 833 2638 Postero
865 2577 960 2638 die
997 2595 1177 2656 quum
1208 2575 1407 2656 primo
1447 2574 1651 2637 clausae
1682 2574 1825 2637 suis·

281 2658 409 2721 sent
435 2674 661 2739 portae,
693 2658 907 2719 deinde
941 2658 1126 2719 subito
1162 2662 1423 2737 apertae3
1463 2661 1597 2739 quia
1620 2656 1823 2739 praefi-

319 2804 324 2813 “
355 2798 390 2848 7
421 2783 534 2833 Diu
565 2784 738 2852 optata
777 2785 897 2839 Μὰ
923 2823 937 2839 ·
959 2820 978 2837 ο
999 2823 1016 2838 ·
1093 2794 1220 2862 apud
1239 2792 1439 2845 craecos
1462 2781 1595 2845 κῦων
1613 2827 1628 2852 ,
1650 2792 1819 2855 albus,

280 2856 596 2924 expleturum.
618 2860 649 2924 ]
682 2860 872 2926 Nempe
926 2861 974 2913 se
1003 2894 1019 2919 ,
1091 2866 1270 2943 ,2972ss

279 2931 412 3016 suam
467 2930 606 2982 iram.
659 2933 872 2987 Videtur
918 2936 1020 2986 tale
1168 2964 1199 3013 9
1226 2948 1825 3019 Lyceumjjssymmfium,

278 3005 398 3073 ‘lmd
437 3003 686 3081 ‘nidus‘-
1093 3022 1175 3073 ubi
1199 3023 1482 3075 Aristoteles
1504 3040 1617 3086 cum
1634 3023 1725 3074 suis
1751 3024 1823 3073 in·

779 3155 792 3169 ⁹
1089 3098 1333 3147 ambulans
1394 3098 1455 3147 de
1519 3097 1827 3164 philosophia

356 3150 389 3202 3
403 3150 822 3226 cymffifg‘SJffiC
842 3156 1027 3209 dmum*
1092 3170 1435 3237 disputaverat.
1450 3172 1641 3221 Nomen
1656 3168 1825 3219 habuit

273 3247 310 3282 ²
355 3242 476 3280 ‘³¹¹⁶
515 3228 650 3290 ⁸11²&
691 3230 839 3285 0⁸¹²ss
882 3234 1022 3286 ‘ssim
1090 3262 1124 3296 a
1141 3244 1297 3315 Lycio
1318 3244 1575 3299 Pandionis
1604 3243 1731 3297 filio.
