2300 3859
312 271 317 276 ·
500 243 698 400 ’ἐφ’
888 237 1214 315 Τῐτῐ
1323 237 1732 324 Livrr

308 341 541 420 U.c.565,
590 339 744 420 cipio
796 337 859 400 in
912 341 1161 404 vincula.
1203 339 1510 401 duceretur
1553 384 1574 413 ‚
1621 358 1734 401 nec
1783 335 2088 421 quisquam

304 419 905 503 ²C·187.c011egarum
936 422 1149 483 auxilio
1191 419 1369 496 effer,
1406 419 1607 500 jurasse
1630 467 1648 494 ‚
1686 422 1807 482 Sibi
1845 423 2090 480 inimici-

538 504 654 562 tias
696 525 815 562 cum
862 491 1221 584 Scipionissus
1254 547 1274 576 ,
1318 523 1437 583 quae
1473 500 1761 583 futffent‘,
1813 519 2033 560 manere
2060 543 2086 574 ,

538 605 636 644 nec
668 583 731 664 se
764 586 958 666 gratiae
1000 587 1302 663 quaerendae
1335 585 1508 644 causei
1535 585 1818 664 quicquam
1840 582 2031 661 [ᾖσσε
2053 601 2085 654 ,·

524 661 631 745 sed
656 709 675 738 ‚
711 667 773 725 in
816 685 972 745 quem
1006 686 1267 725 carcerem
1307 686 1455 746 reges
1494 665 1549 724 6·
1587 666 1941 745 imperatores
1971 663 2079 721 ho·

520 744 687 826 stium
722 749 999 806 ducentem
1027 745 1242 829 vidistit
1268 749 1338 807 P.
1359 750 1421 808 A
1448 747 1694 805 ricarium
1720 788 1740 819 ‚
1772 746 1833 804 in
1866 765 1986 804 eum
2013 742 2084 821 se

519 826 753 908 ftatrem
802 826 921 906 ejus
960 827 1090 886 duci
1127 847 1237 887 non
1287 849 1365 908 pa
1412 847 1584 885 urum.
1618 825 1896 887 Senatum
1926 867 1949 896 ‚
1995 844 2081 884 eo

532 907 632 969 die
673 907 825 968 forte
860 923 1194 970 coenantem
1227 910 1286 967 in
1311 907 1613 988 Capitolio
1636 950 1657 980 ‚
1693 904 2092 967 consurrexis-

531 987 593 1048 se
618 1030 638 1058 ‚
677 989 741 1049 &
780 988 979 1070 petiffe
1006 1034 1024 1063 ,
1058 1005 1123 1049 ut
1163 991 1313 1049 inter
1353 988 1556 1068 epulas
1581 985 1854 1048 Graccho
1894 984 2086 1047 filiam

532 1067 841 1129 Africanus
871 1069 1259 1150 desponderet
1280 1087 1301 1142 3
1326 1070 1535 1151 quibus
1571 1071 1657 1128 ita
1690 1070 1838 1130 inter
1876 1067 2090 1148 publi-

534 1161 669 1210 eum
704 1149 940 1212 solenne
980 1150 1330 1232 sponsalibus
1369 1153 1475 1211 rite
1522 1148 1687 1210 faffis
1728 1194 1748 1223 ‚
1791 1169 1976 1230 quum
2014 1147 2083 1215 se

532 1232 779 1291 domum
822 1229 1127 1313 recepiss'et
1159 1273 1179 1306 ,
1211 1229 1569 1311 Scipionem
1610 1230 1856 1290 AEmiliae
1905 1231 2087 1289 uxori

533 1309 730 1380 dixisse
754 1357 776 1387 ‚
809 1311 987 1372 filiam
1030 1312 1087 1374 se
1120 1315 1412 1372 minorem
1453 1310 1810 1393 despondisse
1837 1332 1856 1384 ;
1890 1331 2086 1392 quum

429 1447 439 1452 ,
532 1394 633 1453 illa
678 1394 1034 1455 muliebriter
1072 1393 1550 1476 indignabunda,
1585 1392 1727 1453 nihil
1769 1393 1842 1452 de
1894 1413 2085 1451 com-

529 1476 699 1535 muni
713 1472 829 1535 filia
862 1474 1059 1536 secum
1093 1473 1482 1535 consultatum
1508 1519 1526 1544 ,
1546 1471 1841 1552 adjecisset
1867 1517 1885 1545 ‚
1911 1495 2038 1532 non
2058 1519 2083 1549 ,

528 1553 573 1614 si
595 1553 693 1614 Ti.
720 1553 994 1620 Graccho
1023 1555 1186 1616 daret
1205 1601 1223 1631 ,
1244 1575 1548 1636 expertem
1577 1554 1794 1635 consilii
1815 1553 2083 1616 debuisse

528 1653 778 1696 matrem
817 1636 1202 1710 effe31aetum
1244 1637 1583 1718 Scipionem
1624 1652 1744 1695 tam
1788 1637 2084 1696 concordi

528 1711 746 1797 judicio
787 1762 806 1792 ,
844 1717 952 1798 ipsi
998 1716 1340 1798 desponsam
1390 1715 1763 1798 respondiffe.
1797 1717 1944 1776 Haec
1993 1717 2082 1778 de

532 1815 699 1861 tanto
720 1800 848 1859 viro
869 1845 888 1874 ,
908 1819 1240 1881 quanquam
1260 1800 1325 1860 &
1349 1798 1721 1880 opinionibus
1735 1844 1753 1873 ‚
1777 1798 1841 1858 &
1862 1818 2085 1858 monu-

536 1883 751 1942 mentis
771 1880 1089 1942 litterarum
1118 1881 1406 1940 variarent
1424 1925 1442 1954 ,
1468 1879 1858 1962 proponenda
1883 1897 2082 1940 erant.

624 1960 844 2022 LVIII.
883 1961 1116 2022 Iudiciis
1139 1961 1296 2039 a.Q.·
1323 1959 1607 2022 Terentio
1647 1977 1896 2040 praetore
1932 1980 2080 2039 per·-

540 2039 704 2104 feffis
729 2088 748 2118 ,
783 2043 1061 2124 Hostilius
1114 2044 1181 2104 &
1232 2042 1433 2103 Furius
1489 2043 1799 2115 damnati,
1841 2041 2080 2121 praedes

288 2123 527 2195 'lusa-ipio
542 2124 756 2184 eodem
798 2125 892 2185 die
926 2123 1304 2204 quaestoribus
1337 2124 1569 2204 urb-anis
1605 2123 1909 2184 dederunt.
1945 2121 2080 2184 Sci·

290 2199 343 2250 1'11
374 2201 642 2285 cmc-‚pio
678 2226 857 2286 quum
885 2207 1271 2266 contenderet
1291 2249 1309 2278 ‚
1333 2225 1575 2267 omnem
1605 2225 1778 2286 quam
1815 2203 2082 2282 accepis-

276 2285 388 2356 (em
419 2277 621 2345 ‘¹⁰⁶¹set
657 2290 961 2364 pecuniam
994 2290 1052 2346 in
1088 2289 1292 2347 aerario
1328 2284 1439 2347 effe
1469 2333 1489 2361 ‚
1522 2306 1634 2346 nee
1670 2286 1724 2346 se
1759 2288 2080 2368 quicquam

287 2345 489 2416 -u‘bmm
539 2369 753 2446 publici
800 2369 1053 2440 habere,
1094 2371 1156 2428 in
1213 2369 1445 2428 vincula
1495 2369 1624 2427 duci
1679 2365 1762 2428 est
1815 2386 2078 2446 coeptus.

536 2447 601 2509 P.
645 2447 841 2530 Scipio
880 2447 1081 2509 Nasica
1124 2449 1388 2509 tribunos
1435 2450 1794 2529 appellavit,
1837 2449 2082 2508 oratio-

534 2550 793 2612 nemque
831 2533 1027 2589 habuit
1068 2529 1301 2607 plenam
1339 2533 1494 2590 veris
1539 2529 1847 2590 decoribus
1872 2575 1892 2597 ,
1939 2551 2074 2591 non

370 2644 374 2646 -
534 2615 919 2672 communiter
960 2612 1140 2671 modo
1185 2609 1477 2675 Corneliae
1521 2615 1748 2692 gentis,
1782 2609 1880 2669 sed
1923 2631 2078 2689 pro-

334 2717 496 2784 D‘ftn
536 2693 659 2831 {rie
686 2691 912 2750 familiae
934 2691 1061 2751 suae.
1084 2693 1349 2754 Parentes
1377 2693 1510 2770 suos
1540 2695 1593 2750 6·
1619 2693 1689 2751 P.
1717 2689 1976 2768 Africani
2000 2714 2074 2752 ac

290 2795 424 2842 aaut
460 2809 489 2839 a
596 2816 608 2829 .
649 2771 927 2849 Scipionis
953 2818 970 2844 ‚
1019 2778 1110 2851 qui
1149 2777 1209 2831 in
1256 2795 1514 2833 carcerem
1554 2777 1872 2845 duceretur,
1911 2772 2078 2850 fuiffe?

290 2865 488 2934 Nasica.
542 2855 640 2912 Cn.
662 2856 713 2912 fr
743 2857 814 2912 Ρ.
840 2855 1123 2930 Scipiones
1141 2899 1159 2922 ,
1189 2856 1498 2930 clariffimos
1526 2857 1690 2914 viros.
1727 2857 1840 2913 Eos
1863 2899 1880 2920 ,
1903 2877 2074 2932 quum

531 2957 633 3015 per
672 2936 879 3013 aliquot
923 2959 1097 2994 annos
1142 2939 1200 2993 in
1250 2955 1390 2994 terra
1431 2936 1708 3014 Hispania
1738 2981 1756 3005 ,
1797 2934 2074 2998 adversas

532 3017 733 3075 multos
784 3017 1069 3077 Poenorum
1114 3017 1590 3095 Hispano-umque
1643 3018 1695 3075 6·
1737 3019 1901 3074 duces
1941 3061 1961 3086 ‚
2012 3017 2070 3076 Gr

532 3100 829 3160 exercitus,
866 3101 1097 3156 nominis
1140 3096 1599 3172 Romarzisamam
1621 3095 1890 3173 cariffi-nt
1909 3143 1932 3164 ,
1953 3121 2070 3158 nott

527 3177 673 3256 bello
696 3177 872 3252 solima
894 3225 909 3246 ,
930 3181 1032 3256 sed
1050 3181 1196 3254 quod
1217 3183 1482 3237 Romame
1507 3181 1866 3258 temperantiae
1910 3179 2080 3244 filei-

528 3265 631 3338 que
638 3259 917 3342 specimen
960 3261 1077 3320 illis
1100 3262 1355 3342 gentibus
1393 3258 1662 3340 dediffem
1700 3304 1726 3336 ,
1759 3264 1838 3320 ad
1875 3279 2078 3340 extre-⁴
