2300 3859
527 214 585 284 L
636 233 664 284 1
715 231 760 282 B
813 231 857 282 E
907 233 958 284 R
1054 209 1495 283 XXXVI.
1654 185 1809 304 391·

258 303 478 384 rionis,
512 329 642 392 quae
701 311 767 372 &
797 309 978 391 ‚ipsos
1013 302 1349 384 affecerat‚'
1376 309 1474 369 ubi
1510 305 1794 391 Romanis
1809 323 2039 391 [J‚c·,561,

257 385 463 450 datum
499 394 759 472 receptui
797 390 1023 475 fignum
1059 387 1243 465 effer,
1273 389 1436 458 velut
1490 388 1595 471 ipsi
1642 411 1791 471 quo·
1810 397 2035 460 a.C.191.

255 487 374 548 que
412 472 524 534 hoc
554 476 854 548 revocati,
893 494 1005 553 pro
1055 473 1113 533 se
1154 470 1392 554 quisque
1428 491 1502 532 ex
1540 470 1808 535 stationi?

257 547 368 610 bus
413 553 779 623 decedebant
806 576 821 614 z
846 575 958 614 nec
990 571 1124 614 ante
1160 555 1393 614 tertiam
1426 553 1545 614 diei
1585 553 1795 614 horam

157 629 168 642 ⁸
257 636 464 694 armati
499 638 560 697 in
596 639 774 696 muris
817 635 1197 722 apparebant.

339 712 573 778 XXIV.
613 716 834 778 Consul
867 736 1048 798 quum
1081 714 1257 776 nofle
1298 713 1495 776 media
1531 716 1797 778 intermi-

251 789 402 857 fiffet
441 801 988 881 oppugnationem,
1021 795 1225 879 quarta
1265 797 1467 878 vigilia
1504 794 1685 858 rursus
1718 797 1793 858 ab

250 877 434 938 tribus
473 880 733 962 partibus
768 878 994 940 summa
1012 880 1074 962 vi
1103 875 1393 961 aggressus
1415 923 1437 952 ,
1462 877 1535 936 ab
1558 898 1672 938 una
1690 876 1793 939 Ti.

253 954 667 1040 Sempronium
701 981 904 1022 tenere
934 963 1193 1022 intentos
1214 959 1427 1020 milites
1449 957 1793 1041 fignumque

253 1039 652 1122 exspestantes
691 1040 842 1120 juffit
864 1087 902 1116 ,.
923 1042 999 1104 ad
1020 1061 1090 1102 ea
1111 1087 1132 1116 ,
1162 1043 1223 1104 in
1259 1039 1544 1102 nocturno
1577 1042 1795 1102 tumul·

253 1136 318 1180 tu
335 1166 358 1195 ,
385 1125 542 1186 unde
567 1125 788 1190 clamor
808 1124 1177 1185 exaudiretur
1193 1167 1213 1196 ,
1250 1123 1406 1183 haud
1444 1121 1617 1182 dubie
1638 1129 1793 1183 ratus

251 1200 449 1266 hostes
493 1205 892 1268 concursuros.
919 1203 1099 1266 AEtoli
1121 1225 1255 1285 pars
1286 1201 1455 1286 sopiti
1486 1201 1684 1264 affecta
1707 1204 1791 1266 la·-

251 1281 400 1346 bote
436 1309 504 1348 ac
540 1289 750 1370 vigiliis
794 1307 1042 1367 corpora
1088 1305 1163 1347 ex
1196 1283 1407 1346 somno
1449 1286 1801 1365 moliebam-

252 1379 344 1424 tur
384 1387 399 1424 z
447 1390 579 1449 pars
623 1369 928 1451 vigilantes
978 1367 1168 1428 adhuc
1220 1366 1295 1427 ad
1346 1364 1646 1446 strepitum
1680 1389 1790 1446 pu·

248 1452 549 1528 gnantium
602 1453 662 1511 in
712 1450 968 1511 tenebris
1018 1465 1272 1510 currunt.
1315 1446 1530 1509 Hostes
1576 1449 1789 1528 partim

251 1516 361 1609 pei
399 1535 588 1592 ruinas
634 1530 876 1610 jacentis
916 1532 1062 1590 muri
1105 1525 1533 1592 tranffcendere
1560 1550 1789 1590 conan-

251 1624 346 1668 tur
383 1629 398 1668 ε
443 1613 656 1692 partim
699 1610 856 1673 scalis
901 1609 1163 1672 ascensus
1200 1628 1460 1684 tentant3
1507 1609 1789 1674 adversus

251 1709 406 1768 quos
453 1692 710 1776 undique
776 1693 853 1754 ad
913 1713 1093 1773 opem
1132 1691 1433 1762 ferendam
1477 1709 1789 1754 occurrunt

250 1768 460 1835 AEtoli.
493 1773 628 1834 Pars
663 1795 811 1846 una,
839 1776 900 1834 in
939 1794 1054 1854 qua
1091 1771 1335 1834 aedificia
1372 1790 1537 1833 extra
1578 1773 1787 1834 urbem

249 1869 417 1914 erant
437 1895 458 1929 ‚
497 1875 693 1937 neque
736 1847 1068 1916 defenditur
1091 1897 1112 1928 ,
1147 1874 1223 1916 ne
1264 1873 1339 1915 ue
1376 1871 1743 1935 oppugnatur
1765 1875 1784 1914 t

246 1930 348 1997 sed
387 1937 546 2017 quio
592 1957 670 2018 pu
711 1951 960 2009 natent,
988 1937 1197 1996 intenti
1258 1958 1276 1996 ι
1318 1953 1458 1996 num
1485 1933 1786 2015 exspecta-

245 2013 428 2090 bant3
470 2017 547 2080 de
575 2037 650 2079 en
676 2039 746 2079 or
793 2035 979 2078 nemo
1021 2015 1243 2076 aderat.
1317 2036 1413 2077 am
1461 2014 1785 2078 dilucesce-

246 2095 388 2171 bat,
429 2119 612 2180 quum
647 2097 872 2182 {ignum
916 2095 1114 2168 consul
1149 2096 1358 2158 dedit:
1404 2095 1469 2156 &
1508 2094 1628 2157 fine
1656 2097 1781 2158 ullo

249 2183 568 2244 certamine
611 2182 821 2262 partim
873 2199 982 2261 per
1019 2178 1323 2252 semiruta,
1363 2178 1577 2259 partim
1618 2176 1779 2240 scalis
1793 2199 1862 2250 Ee
1874 2206 2025 2272 ‘'⁶1²¹'‘-

249 2259 510 2344 integros
535 2284 736 2326 muros
767 2259 1213 2324 transscendere.
1236 2258 1418 2336 Simul
1448 2259 1667 2320 clamor
1685 2262 1780 2320 in-

252 2341 369 2403 dex
407 2347 624 2425 captio
669 2343 792 2427 pidi
825 2342 908 2405 est
945 2342 1249 2406 exauditus
1271 2388 1292 2417 ‚
1324 2340 1580 2423 undique
1612 2339 1792 2404 AEto-

245 2423 288 2483 li
338 2423 571 2486 desertis
663 2426 953 2487 ationibus
1002 2427 1064 2485 in
1105 2444 1301 2486 arcem
1347 2422 1599 2506 fugiunt.
1647 2420 1786 2503 Op-

249 2504 456 2585 pidum
491 2506 742 2568 viaores
763 2549 782 2580 ,
817 2503 1086 2588 permiffu
1127 2503 1373 2566 consulis
1396 2533 1417 2574 3
1460 2505 1733 2585 diripiunt
1764 2526 1786 2566 z

249 2605 374 2647 non
413 2603 536 2646 tam
573 2587 648 2649 ab
683 2591 805 2662 ira,
840 2607 949 2648 nec
988 2587 1062 2647 ab
1097 2586 1240 2648 odio
1261 2631 1281 2661 ,
1314 2585 1490 2667 quam
1529 2603 1591 2646 ut
1616 2586 1785 2647 miles

249 2669 538 2730 coercitus
579 2670 640 2728 in
684 2684 777 2731 tot
806 2661 938 2730 rece'
985 2669 1056 2729 tis
1091 2666 1339 2729 bostium
1377 2667 1613 2731 urbibus
1636 2712 1655 2742 ‚
1683 2668 1788 2728 ali·

249 2769 370 2830 quo
395 2749 634 2812 tandem
656 2747 797 2812 loco
829 2747 920 2810 fru
1015 2771 1074 2809 m
1106 2747 1363 2812 vicioriae
1382 2747 1638 2810 sentiret.
1659 2747 1784 2810 Re·

247 2849 498 2894 vocatos
533 2831 672 2894 inde
711 2853 744 2891 a
769 2831 968 2894 medio
1006 2830 1194 2892 ferme
1230 2830 1325 2892 die
1362 2832 1571 2891 milites
1596 2851 1780 2912 quum

250 2913 311 2972 in
353 2913 495 2975 duas
537 2910 1014 2996 divisissetpartes
1038 2958 1058 2987 ,
1096 2931 1271 2973 unam
1298 2912 1585 2972 radicibus
1607 2931 1783 2973 mon·

250 2995 398 3054 tium
438 2996 785 3056 circumduci
822 2995 896 3056 ad
934 3014 1140 3077 rupem
1166 2991 1358 3074 justit,
1396 3007 1523 3072 quae
1554 2990 1789 3076 fastigio⁴

251 3074 564 3136 altitudinis
599 3098 704 3156 par
733 3121 753 3150 ,
791 3076 984 3138 media
1025 3076 1179 3136 valle
1221 3073 1386 3137 velut
1424 3072 1664 3153 abrupta
1709 3074 1786 3134 ab

253 3173 388 3215 arce
421 3155 712 3230 erat3‘sed
746 3157 898 3219 adeo
936 3177 1125 3238 prope
1166 3157 1454 3238 geminata
1485 3156 1781 3216 cacumina

253 3253 461 3300 eorum
484 3240 770 3301 montium
795 3237 923 3301 sunt
947 3283 968 3315 ‚
1004 3256 1068 3301 ut
1087 3258 1165 3302 ex
1182 3235 1611 3376 verticaalttero
1632 3257 1781 3297 con.-

1470 3337 1530 3380 ιν
