2300 3859
545 147 688 264 3‘86
847 171 1209 242 ’Τιτι
1292 124 1738 240 rL1V11

161 262 170 270 ⁴
229 327 240 332 -
296 269 616 354 amm-lia
653 286 820 350 capta
853 287 988 326 cum
1023 266 1197 350 fignis
1218 265 1561 326 militaribus
1593 265 1853 327 ducentis
1872 237 2088 350 trigina'
2152 299 2157 308 ·

299 351 638 422 acam-ta?
677 349 1086 409 Romanorum
1117 366 1357 408 centum
1400 348 1817 430 quinquaginta
1848 352 1908 407 in
1952 349 2075 431 ipso

534 434 856 494 certamine
909 451 1120 512 pugnae
1148 474 1169 504 ‚
1224 427 1299 488 ab
1340 428 1566 488 incursu
1620 430 1961 490 AEtoloru'm
2014 429 2073 492 se

531 529 764 574 tuentes
792 535 914 574 non
938 513 1070 593 plus
1097 511 1517 593 quinquaginta
1538 509 1822 572 interfecti
1849 509 1999 572 sunt.

294 626 406 696 eos:
425 628 524 678 An·
615 592 756 655 XX.
815 593 1076 657 Consule
1128 611 1237 674 per
1290 590 1609 651 Phocidem
1660 591 1723 651 δι
1777 591 2074 653 Boeotiam

292 705 500 752 tiochum
536 681 858 738 exercitum
896 675 1148 736 ducente
1187 719 1208 748 ,
1254 671 1497 735 consciae
1539 670 1882 734 defeflionis
1924 677 2075 735 civi-

287 775 522 844 persequi·
534 775 684 820 tates
699 804 720 835 ,
758 779 892 834 cum
914 756 1261 819 velamentis
1284 774 1419 815 ante
1438 770 1634 836 portas
1658 751 1881 817 stabant
1902 775 1925 829 ;
1945 777 2077 816 me·-

288 856 386 904 sur‘.
533 856 599 900 tu
627 861 702 902 ne
737 837 1016 901 hostiliter
1049 838 1478 917 diriperentur3
1512 838 1773 896 ceterum
1806 857 1913 918 per
1942 858 2075 899 otn-
2168 891 2177 896 .
2271 826 2274 834 ’

532 940 638 981 nes
669 923 793 980 dies
815 965 834 995 ,
863 919 1016 979 haud
1037 919 1200 979 secus
1228 916 1403 999 quam
1427 918 1485 976 in
1509 935 1719 998 pacato
1740 937 1884 1000 agro
1905 963 1926 992 ‚
1950 917 2071 980 fine

528 1004 859 1063 violatione
897 1002 1066 1061 ullius
1110 1001 1241 1072 rei,
1278 1018 1494 1080 agmen
1527 997 1837 1080 proceffit3
1880 1000 2071 1062 donec

524 1084 587 1143 in
623 1105 824 1166 agrum
867 1079 1220 1144 Coroneum
1258 1098 1505 1143 ventum
1532 1079 1636 1141 est.
1666 1077 1757 1141 Ibi
1774 1079 1955 1142 statua
1974 1102 2073 1144 re-

525 1165 616 1247 gis
656 1165 938 1226 Antiochi
973 1161 1167 1245 posita
1190 1163 1251 1222 in
1289 1179 1413 1224 tem
1457 1161 1519 1222 lo
1561 1181 1588 1222 1
1620 1161 1909 1228 Minerva
1945 1163 2073 1226 Ito·

523 1251 636 1306 niae
673 1250 822 1308 iram
853 1245 1122 1306 accendit
1149 1265 1167 1305 ε
1196 1246 1387 1326 permi
1432 1263 1647 1325 umque
1666 1244 1837 1304 militi
1865 1243 1948 1307 est
1966 1291 1983 1318 ,
2006 1262 2070 1308 ut

522 1327 957 1409 circumjectum
976 1327 1206 1409 templo
1239 1345 1438 1408 agrum
1458 1325 1874 1407 popularetur3
1905 1327 2072 1400 dein·-

525 1409 603 1469 de
645 1413 926 1493 cogitatio
980 1411 1239 1470 animum
1286 1406 1495 1481 subiit,
1538 1427 1717 1488 quum
1766 1411 2067 1470 communi

522 1490 765 1551 decreto
821 1490 1171 1552 Boeotorum
1228 1487 1413 1569 pofita
1452 1485 1595 1549 effet
1642 1487 1818 1550 statua
1839 1534 1860 1563 ‚
1906 1490 2065 1550 indi-

519 1589 704 1652 gnum
739 1570 870 1632 ‚ess'e
911 1575 971 1631 in
1021 1590 1201 1630 unum
1247 1567 1659 1632 Coronensem
1704 1591 1909 1652 agrum
1952 1571 2064 1632 sae-

517 1654 666 1712 vire.
712 1651 1025 1713 Revocato
1070 1651 1375 1731 'extemplo
1435 1652 1619 1712 milite
1639 1696 1659 1724 ‚
1700 1650 1832 1712 finis
1872 1665 2066 1734 popu-

517 1733 679 1793 landi
715 1733 897 1794 facins
918 1755 934 1792 ι
955 1731 1209 1816 castigati
1232 1733 1458 1792 tantum
1486 1733 1683 1793 verbis
1719 1733 1952 1808 Boeoti,
1976 1735 2059 1796 ob

516 1815 807 1898 ingratum
834 1819 894 1875 in
926 1816 1102 1878 tantis
1141 1832 1382 1894 tamque
1402 1815 1735 1874 recentibus
1760 1812 2063 1877 benefieiis

516 1899 777 1957 animum
835 1917 974 1980 erga
1032 1894 1359 1956 Romanos.
1410 1893 1578 1956 Inter
1626 1893 1811 1976 ipsum
1888 1917 2061 1978 ugnae

515 1993 751 2060 tempus
779 1977 984 2040 decem
1019 1996 1201 2038 naves
1232 1978 1405 2059 regiae
1430 2020 1450 2049 ,
1488 1996 1621 2036 cum
1657 1917 1931 2064 pfaefego
1960 1976 2063 2039 Ifi-

514 2059 668 2119 doro
691 2104 710 2134 ,
755 2061 830 2119 ad
869 2058 1199 2120 Thronium
1232 2059 1291 2116 in
1333 2052 1453 2116 finu
1494 2055 2059 2134 Maliaeastabant3

515 2141 596 2199 eo
640 2143 832 2222 gravis
871 2139 1206 2202 vulneribus
1244 2136 1585 2199 Alexander
1605 2138 1877 2200 Acarnan
1904 2162 2065 2202 nun·

513 2223 634 2280 cius
668 2220 920 2282 adversae
951 2241 1159 2303 pugnae
1183 2241 1364 2302 quum
1404 2218 1736 2302 perfugiss'et
1754 2264 1779 2293 ,
1808 2223 2069 2302 trepidae‘

511 2301 653 2361 inde
696 2306 916 2362 recenti
961 2319 1190 2362 terrore
1244 2320 1427 2361 naves
1484 2298 1771 2362 Cenaeum
1814 2301 2063 2365 Euboeae

557 2385 841 2458 etierunt3
881 2382 961 2444 ibi
998 2401 1259 2443 mortuus
1296 2381 1661 2463 sepultusque
1693 2383 2059 2447 Alexander.

506 2403 701 2539 ἕως,
745 2486 876 2546 quae
913 2485 987 2525 ex
1031 2462 1170 2524 Asia
1247 2462 1477 2523 rofeRae
1514 2464 1789 2542 eumdem
1814 2483 2057 2546 portum

511 2561 854 2619 tenuerant,
875 2565 1055 2608 naves
1073 2589 1092 2620 ,
1107 2565 1179 2605 an
1226 2546 1303 2605 ita
1321 2543 1611 2606 exercitiis
1630 2547 1795 2608 clade
1818 2591 1838 2622 ,
1855 2545 2061 2629 Ephe·

588 2709 612 2744 ι
639 2693 874 2743 Minerva
893 2691 1118 2760 Itonia}
1143 2694 1240 2744 Mi·
1314 2693 1607 2762 cognomine
1634 2696 1857 2746 co1endae
1880 2729 1896 2756 ,
1918 2709 2057 2748 tem-

509 2784 660 2824 nerva
681 2767 742 2818 su:
763 2767 1100 2834 cognominata
1134 2768 1201 2818 est
1222 2799 1237 2827 ‚
1314 2769 1481 2834 plique
1522 2770 1568 2818 ei
1598 2770 1726 2834 apud
1768 2769 2053 2820 Coroneam

430 2867 433 2870 ·
507 2843 594 2892 vel
617 2843 675 2891 ab
705 2841 851 2892 Itono
876 2840 1238 2909 Amphistyonis
1316 2841 1791 2896 exstruendi.1nhoc
1810 2846 2053 2911 templum

504 2913 606 2967 filio
630 2953 646 2978 ‚
675 2909 811 2983 patre
845 2915 1006 2965 Boeoti
1031 2948 1048 2974 ‚
1079 2932 1105 2964 a
1139 2905 1241 2981 quo'
1312 2913 1477 2964 Boeoti
1510 2915 1578 2965 de·
1604 2917 1751 2983 rebus
1782 2919 2057 2968 communi·

505 2985 697 3044 Boeotia
714 3006 896 3040 nomen
915 2987 1135 3054 accepit:
1154 2989 1237 3038 vel
1310 2989 1399 3039 bus
1430 2989 1742 3039 deliberaturi
1774 2992 2051 3042 convenie-

507 3065 572 3115 εἰ)
605 3066 728 3114 urbe
755 3061 1012 3116 Thess'aliae
1049 3063 1193 3113 Itone
1218 3079 1233 3114 t
1311 3064 1444 3112 bant.
1468 3063 1637 3129 Atque
1656 3064 1723 3113 ob
1744 3079 1850 3114 eam
1872 3065 2059 3115 videli-

503 3138 635 3190 unde
647 3137 812 3189 Boeoti
830 3137 1101 3203 exemplum
1117 3136 1237 3187 sum·
1311 3133 1393 3185 cet
1412 3136 1599 3186 causam
1620 3137 1684 3186 ibi
1703 3136 1851 3189 statua
1866 3138 2055 3192 Antiu-

503 3212 702 3281 pserunt
735 3211 980 3263 Minervae
1017 3210 1112 3284 sub·
1132 3210 1237 3264 hoc
1311 3210 1408 3262 cho
1435 3209 1589 3277 posita
1610 3223 1735 3267 etat.
