2300 3859
1455 0 1486 12 α

549 222 686 332 378
882 229 954 306 Τ
999 256 1028 306 1
1075 255 1126 306 ‘r
1176 248 1206 304 1
1322 233 1379 306 L
1432 248 1459 305 1
1506 246 1567 305 v
1614 250 1644 305 1
1694 233 1725 306 '1
2026 321 2031 326 p

307 333 790 415 U.e.561,triadem
822 335 1083 394 remittit.
1116 332 1434 393 Proernam
1471 333 1611 394 inde
1642 332 1904 415 recepit,
1944 338 1973 415 3
2004 327 2072 397 δὲ

303 412 508 482 stc-191
544 437 672 496 quae
701 417 848 474 circa
881 435 1012 476 eam
1047 413 1279 476 castella
1310 432 1493 476 erant.
1508 414 1750 476 Ducere
1777 433 1899 476 tum
1931 439 2075 498 por·

542 518 612 557 ro
639 497 698 556 in
720 493 962 570 :isinum
990 496 1311 557 Maliacum
1345 495 1545 576 coepit.
1571 498 1886 578 Appropin
1924 512 2077 578 'uan-

541 593 603 638 te
649 575 912 638 faucibus
947 623 967 652 ‚
1021 576 1192 660 super
1230 599 1374 659 quas
1412 576 1499 639 fiti
1532 577 1861 648 Thaumaci
1892 519 2033 640 <{lunt
2054 625 2075 656 ,

540 659 768 720 deserta
794 660 939 721 urbe
963 704 982 733 ‚
1009 656 1285 738 juventus
1316 661 1507 720 omnis
1532 676 1753 720 armata
1783 659 1978 741 sylvas
2010 657 2078 722 δ’(

541 741 750 802 itinera
790 737 996 802 insedit
1016 786 1034 815 ,
1063 741 1130 802 &
1170 742 1231 801 in
1261 761 1472 824 agmen
1501 739 1838 802 Romanum
1869 762 1940 802 ex
1982 741 2075 801 su·

419 825 440 836 '
537 822 867 906 perietibus
904 823 1050 884 locis
1086 822 1413 885 incursavit.
1450 821 1673 885 Consul
1705 823 1897 905 primi>
1934 827 2080 883 mit-

538 920 666 965 tere
692 950 713 976 ,
741 907 839 986 qui
874 923 948 965 ex
985 907 1323 988 propinquo
1364 905 1769 986 colloquentes
1812 905 2075 966 deterre·

537 999 672 1048 rent
710 1007 815 1046 eos
849 1007 882 1045 a
914 986 1013 1046 tali
1050 985 1281 1058 furore3
1304 983 1677 1068 posteaquam
1703 984 2075 1066 perseverare

539 1067 602 1128 in
649 1070 912 1148 incoepto
949 1067 1096 1128 vidit
1120 1112 1142 1141 ,
1184 1070 1419 1128 tribuno
1454 1087 1479 1148 5
1529 1089 1661 1129 cum
1698 1067 1949 1128 duorum
1996 1068 2080 1127 fi..

541 1164 794 1232 gnorum
841 1149 1115 1210 militibus
1166 1147 1549 1210 circummisso
1576 1192 1598 1224 ,
1642 1147 1953 1211 interclusit
2006 1151 2081 1210 ad

429 1255 432 1258 ⁴
537 1230 744 1291 urbem
797 1231 908 1290 iter
951 1232 1181 1292 armatis
1210 1277 1231 1304 ,
1286 1249 1655 1313 vacuamque
1694 1249 1827 1290 eam
1877 1232 2077 1310 cepit3

539 1326 668 1370 tum
717 1313 974 1374 clamore
1026 1313 1098 1372 ab
1156 1330 1323 1396 tergo
1378 1331 1564 1393 captae
1623 1311 1791 1374 urbis·
1830 1313 2033 1372 audito
2060 1355 2081 1387 ,

538 1391 948 1474 refugientium
1005 1394 1144 1454 undi
1189 1413 1261 1456 ue
1312 1413 1384 1454 ex
1442 1394 1623 1475 sylvis
1681 1391 2079 1454 insidiatorum

537 1475 724 1533 caedes
753 1473 897 1533 facita
931 1473 1034 1535 est.
1065 1474 1122 1534 A
1212 1475 1503 1535 haumacis
1536 1476 1721 1534 altero
1755 1474 1855 1534 die
1880 1473 2084 1534 consul

539 1553 616 1614 ad
657 1554 1002 1634 Sperchium
1045 1562 1279 1615 amnem
1326 1558 1641 1664 perveniat
1674 1555 1810 1616 inde
1853 1555 2079 1638 Hypa-

537 1649 786 1698 taeorum
825 1655 998 1717 agros
1035 1633 1299 1697 vastavit.

616 1714 767 1776 XV.
793 1714 998 1796 Quum
1051 1718 1174 1777 haec
1214 1716 1537 1799 agebantur
1558 1761 1577 1789 ‚
1620 1713 1917 1778 Chalcide*
1950 1731 2075 1780 erat

533 1793 865 1858 Antiochus
881 1797 914 1872 3'
937 1798 1037 1878 qui
1077 1795 1197 1877 jam
1233 1815 1359 1858 tum
1397 1817 1639 1858 cernens
1664 1842 1683 1871 ‚
1721 1798 1862 1856 nihil
1904 1795 1962 1859 se
1997 1818 2076 1858 ex

537 1875 770 1940 Graecia
792 1923 812 1953 ‚
857 1899 1068 1961 praeter
1099 1900 1337 1942 amoena
1378 1876 1658 1941 Chalcide
1693 1879 1937 1940 hiberna
1963 1925 1984 1954 ,
2012 1879 2079 1941 δι

537 1958 580 2022 6
607 1960 852 2022 infames
879 1963 1108 2043 nuptias
1131 1959 1371 2044 petiffe,
1393 1960 1725 2022 AEtolorum
1755 1981 1906 2021 vana
1931 1982 2079 2041 pro·

540 2040 701 2104 missa
733 2042 1026 2117 incusare,
1067 2045 1134 2104 &
1167 2041 1505 2106 Thoantem
1540 2062 1555 2101 ε
1589 2041 1943 2103 Annibalem
1966 2059 2081 2104 ve-

543 2122 616 2184 rb
637 2167 658 2198 ‚
697 2144 820 2186 non
847 2144 910 2187 ut
945 2125 1296 2206 prudentem
1314 2125 1541 2185 tantum
1556 2126 1745 2185 virum
1767 2168 1787 2197 ‚
1807 2122 1905 2184 sed
1973 2145 2082 2185 ro·-

541 2224 624 2286 pe
669 2223 869 2266 vatem
907 2209 1185 2266 omnium·
1209 2227 1339 2289 quae
1371 2221 1495 2266 tum
1520 2207 1861 2280 evenirent,
1884 2227 1916 2264 a
1962 2208 2081 2264 mi-

541 2287 676 2346 rari.
711 2285 806 2348 Ne
833 2306 1029 2348 tamen
1069 2305 1295 2348 temere
1332 2304 1528 2366 coepta
1564 2285 1805 2369 segnitia
1841 2285 2079 2367 insuper

542 2383 872 2440 everteret,
907 2369 1150 2428 nuncios
1187 2371 1250 2428 in
1274 2367 1557 2428 ·AEtoliam
1600 2369 1813 2441 mittit,
1852 2386 1916 2429 ut
1944 2389 2081 2428 om-

549 2449 608 2510 ni
640 2449 933 2510 contracta
961 2447 1269 2524 iuventute
1294 2451 1698 2510 convenirent.
1727 2447 1854 2509 Jam
1879 2448 2081 2529 &ipse

554 2531 630 2590 eb
655 2530 860 2592 decem
888 2531 1066 2592 millia
1101 2530 1224 2592 fere
1242 2530 1540 2612 peditum,
1577 2550 1650 2592 ex
1686 2534 1754 2593 iis
1792 2531 1889 2610 qui
1918 2529 2086 2611 post-

546 2629 624 2670 ea
660 2630 943 2672 venerant
979 2633 1054 2674 ex
1093 2611 1229 2672 Asta
1258 2612 1528 2692 expleta,
1556 2613 1622 2674 &
1654 2614 1877 2696 equites
1908 2613 2083 2693 quin-

550 2707 764 2772 gentos
795 2693 978 2753 duxit.
1021 2693 1171 2773 Qub
1213 2715 1389 2776 quum
1430 2695 1727 2775 aliquanto
1776 2697 2085 2775 pauciores

543 2770 722 2854 quam
765 2793 1016 2856 unquam
1055 2793 1229 2838 antea
1265 2775 1664 2838 conveniffent
1690 2823 1709 2853 ,
1751 2775 1817 2836 &
1852 2777 2087 2859 princi-

619 2918 645 2970 3
665 2905 734 2957 Et
747 2926 841 2975 quae
853 2907 982 2960 ἐἰν-ια
993 2927 1092 2960 eam
1107 2911 1271 2974 castel·
1426 2925 1447 2976 ς
1480 2913 1591 2962 cum
1620 2913 1811 2963 duorum
1832 2911 2077 2982 signorum

539 2977 647 3058 lm]
674 2981 948 3052 Elegantius
969 2984 1151 3035 abess'et
1170 3003 1272 3038 vox
1343 2983 1589 3036 militibus.
1608 2985 1633 3052 J
1655 2986 1775 3040 vid.
1795 2998 1904 3038 not.
1937 2999 1958 3034 ι
1981 3018 1998 3044 ,
2016 2981 2084 3036 ad

543 3068 663 3107 eam.
1204 3083 1214 3096 ·
1344 3057 1572 3111 XXXIII
1598 3091 1613 3118 ,
1647 3075 1694 3111 1.

614 3144 649 3189 4
701 3128 866 3180 Sirium
919 3130 1266 3198 Maliacum-J
1420 3132 1452 3180 6
1520 3129 1731 3199 Infirmes
1804 3129 2018 3200 nuptias.
2056 3128 2083 3198 ]

539 3200 658 3252 vid.
715 3201 852 3271 supra
909 3219 1015 3259 not.
1083 3221 1106 3258 ι
1146 3240 1163 3267 ,
1208 3206 1271 3257 ad
1343 3204 1553 3269 Nuptias
1628 3223 1798 3273 parum
1870 3206 2087 3260 decoras

542 3271 749 3332 XXXV
781 3309 798 3338 ,
843 3290 933 3343 37.
1348 3291 1490 3331 santo
1532 3281 1660 3351 regi·
1904 3301 1910 3306 ·
