2300 3859
460 231 519 304 L
569 251 599 302 1
650 247 694 303 Β
750 247 795 302 ιε
845 249 917 304 n
987 225 1544 306 XXXVIII.
1649 245 1786 334 523·

253 320 439 391 infido
472 348 649 413 atque
682 333 1021 410 importuno
1045 375 1063 402 ‚
1102 330 1397 391 veniebat.
1423 330 1522 391 Ad
1549 341 2034 408 tentan-U.c.563.·

255 410 396 470 dum
448 410 573 491 ejus
609 414 867 471 animum
910 409 987 472 C.
1030 411 1312 471 Helvium
1355 433 1490 471 cum
1531 409 2034 494 quaranta-<2³89-

252 491 504 554 millibus
531 493 789 574 peditum
806 537 824 566 ‚
854 493 915 552 ὃ(
934 495 1264 575 quingentis
1283 493 1568 574 equitibus
1592 539 1610 566 ‚
1645 517 1785 556 con-

250 569 336 633 sul
369 576 680 649 praemittit.
723 572 878 634 Huic
900 576 1113 656 agmini
1127 572 1247 652 jam
1269 571 1414 634 fines
1435 573 1790 657 ingredienti

250 652 429 736 legati
460 672 836 716 occurrerunt
852 701 870 730 ‚
894 658 1230 716 nunciantes
1263 673 1523 736 paratum
1549 653 1663 718 effe
1685 677 1786 738 ty-

252 755 498 795 rannum
548 738 830 817 imperata
871 734 1109 810 facere3
1152 737 1410 798 orabant
1442 756 1507 797 ut
1549 757 1789 818 pacatus·
1843 695 1948 797 ⁸

254 813 403 876 fines
452 818 623 878 iniret
647 861 667 890 ,
716 817 1130 899 cohiberetque
1173 840 1206 878 a
1247 817 1636 900 populatione
1666 821 1792 901 agri

256 897 501 960 militem
542 921 557 956 ε
598 897 636 958 6
664 897 727 958 8(
769 901 827 958 in
866 919 1149 959 coronam
1183 919 1416 960 auream
1458 900 1797 982 quindecim

255 978 472 1040 talenta
516 977 853 1041 afferebant.
894 980 1143 1043 Helvius
1177 982 1441 1064 integros
1465 1003 1496 1041 a
1537 982 1794 1063 popula·

256 1061 419 1121 tione
462 1081 633 1144 agros
670 1059 1022 1132 servaturum
1054 1061 1346 1143 pollicitus
1374 1107 1394 1136 ‚
1418 1065 1502 1123 ire
1539 1063 1612 1122 ad
1647 1079 1798 1124 con·-

254 1139 437 1202 sulem
481 1143 708 1224 legatos
752 1141 948 1218 juffit:
991 1144 1194 1225 quibus
1239 1143 1446 1204 eadem
1487 1141 1798 1206 referenti-

255 1221 365 1282 bus
402 1225 640 1299 consul,
686 1227 882 1303 Neque
912 1227 1190 1298 Romani,
1225 1226 1450 1306 inquit,
1488 1227 1640 1285 bonae
1684 1249 1794 1310 ‘vo-f

258 1305 495 1364 luntatis
524 1307 698 1364 ullum
713 1307 925 1387 stgnum
961 1327 1087 1383 erga
1110 1329 1213 1364 nos
1245 1306 1467 1385 tyranni
1491 1307 1746 1366 habemus
1765 1328 1795 1379 ,·

259 1385 317 1445 6·
360 1385 535 1464 ipficm
584 1386 745 1446 talem
789 1384 887 1464 effi
939 1386 1083 1444 inter
1125 1408 1308 1447 omnes
1342 1389 1545 1466 constat
1566 1430 1588 1458 ,
1624 1406 1684 1447 ut
1726 1390 1794 1447 de

250 1487 415 1547 poe-na
454 1464 573 1545 ejus
618 1468 790 1547 magis
812 1511 830 1540 ,
856 1467 1019 1546 qudm
1060 1469 1129 1525 de
1157 1468 1413 1526 amicitia
1453 1468 1611 1527 nobis
1644 1470 1796 1548 cogi·

256 1549 481 1612 randum
519 1550 616 1628 stt.
664 1545 981 1608 Pet-turbati
1026 1547 1134 1607 hac
1195 1567 1350 1609 voce
1390 1547 1610 1630 legati,
1651 1548 1795 1610 nihil

206 1658 217 1674 s
256 1627 412 1688 aliud
442 1646 678 1710 petere,
716 1629 891 1710 quam
926 1647 990 1690 ut
1022 1649 1302 1691 coronam
1337 1632 1662 1710 acciperet.
1685 1651 1796 1692 ve-

262 1709 577 1791 niendique
606 1710 681 1771 ad
706 1731 841 1772 eum
878 1710 1226 1792 potestatem
1251 1728 1544 1789 tyranno,
1582 1712 1651 1772 ὃ(
1686 1735 1796 1772 co-

265 1792 423 1874 piam
449 1791 729 1874 loquendi
764 1814 831 1853 ac
851 1793 1135 1875 purgandi
1170 1792 1228 1853 se
1259 1793 1498 1854 faceret.
1523 1791 1800 1854 Permiss'u

267 1871 513 1932 consulis
537 1918 558 1947 ,
596 1872 834 1954 postero
872 1874 965 1933 die
988 1872 1049 1932 in
1077 1871 1253 1933 castra
1273 1893 1556 1954 tyrannus
1593 1877 1798 1948 venit3

253 1950 493 2013 vestitus
523 1951 937 2034 comitatusque
976 1956 1077 2013 vix
1104 1953 1181 2013 ad
1205 1956 1410 2034 privati
1440 1954 1674 2014 modice
1696 1955 1796 2017 lo-

258 2033 515 2112 cupletis·
551 2035 811 2094 habiturn
847 2055 863 2093 ε
908 2035 971 2094 &
1018 2037 1206 2095 oratio
1253 2033 1360 2095 fuit
1399 2033 1678 2095 summissa
1723 2037 1792 2097 &

255 2113 493 2175 infracta
513 2161 531 2188 ‚
564 2117 928 2176 extenuantis
953 2136 1100 2196 opes
1125 2114 1248 2176 suas
1273 2160 1289 2184 ‚
1317 2115 1662 2198 urbiumque
1681 2115 1794 2177 suae

165 2223 171 2228 ·
260 2195 498 2257 ditionis
539 2194 857 2281 egestatem
897 2198 1212 2278 querentis.
1253 2194 1430 2258 Erant
1459 2214 1652 2259 autem
1692 2197 1795 2259 sub

262 2319 271 2332 “
334 2310 368 2362 6
389 2311 458 2361 Et
478 2311 525 2361 in
549 2329 770 2362 coronam
800 2328 987 2360 auream

258 2385 517 2454 quindecim
550 2385 801 2451 talenta]
834 2384 987 2448 Quin·

214 2470 219 2476 ’
260 2459 417 2509 decim
436 2461 620 2508 talenta
652 2459 840 2526 argenti
878 2461 987 2508 data

260 2545 460 2582 coronae
520 2534 736 2583 nornine.
794 2531 987 2582 Etenim

259 2605 447 2656 constat
471 2621 757 2657 coronarum
790 2607 987 2657 nomine

258 2679 569 2736 intelleaum·
610 2679 705 2730 effe
758 2680 988 2748 quidquid

258 2771 360 2806 non
387 2770 446 2804 ex
480 2753 647 2804 tributi
668 2752 946 2806 necestitate
968 2787 987 2813 ,

210 2835 217 2842 ’
258 2827 342 2880 sed
380 2831 669 2894 tanquam'a
710 2828 989 2880 volentibus

256 2902 469 2952 muneris
484 2903 597 2952 loco
620 2901 814 2952 daretur
831 2902 1005 2968 impe·‚

256 2975 400 3024 tanti.
426 2977 540 3027 Non
570 2990 731 3026 tamen
756 2991 985 3044 negamus

260 3063 403 3100 veras
416 3065 611 3117 quoque
624 3066 830 3101 coronas
851 3051 985 3100 datas

258 3120 357 3170 effe
376 3121 741 3186 imperatoribus
756 3123 986 3174 Romanis

260 3209 289 3244 a
324 3195 585 3258 provinciis
634 3196 703 3252 δι,
741 3197 936 3264 regibus
969 3229 985 3256 ,

264 3283 372 3336 quae
388 3267 439 3322 in
457 3268 703 3338 triumpho
720 3269 985 3333 ferrentur,

1059 2323 1114 2360 ut
1138 2309 1294 2375 paffim
1315 2312 1361 2360 in
1385 2307 1792 2376 descriptionibus

1058 2384 1409 2449 triumphorum
1423 2383 1565 2450 hujus
1579 2384 1672 2432 aevi
1687 2397 1793 2431 me-

1060 2470 1220 2509 morat
1237 2457 1528 2508 Livius.Sed
1550 2456 1662 2505 hinc
1685 2467 1791 2504 tan·

1060 2533 1314 2582 tummodo
1343 2532 1556 2598 sequitur
1576 2562 1592 2587 ‚
1625 2529 1676 2580 δι
1697 2545 1795 2578 co-

1059 2623 1208 2657 ronas
1227 2607 1386 2675 magni
1405 2604 1646 2655 interdum
1664 2619 1795 2669 pon·-

1062 2681 1192 2732 deris
1213 2713 1230 2740 ,
1279 2681 1328 2732 &
1373 2696 1538 2730 aurum
1587 2693 1791 2730 cotona

1060 2755 1258 2805 nomine
1294 2772 1322 2804 a
1361 2753 1639 2805 civitatibus
1665 2747 1789 2802 'dari

1061 2828 1219 2880 solita.
1253 2829 1528 2893 Utrumque
1563 2826 1794 2877 veniebat

1058 2903 1255 2954 nomine
1283 2903 1387 2953 auri
1403 2901 1644 2952 coronarii
1662 2933 1678 2958 ,
1701 2915 1792 2948 cu·

1056 2974 1135 3042 jus
1167 2977 1396 3042 frequens
1425 2975 1551 3039 apud
1576 2973 1792 3037 scripto-

1058 3065 1137 3100 res
1167 3049 1373 3100 mentio.
1395 3045 1688 3112 Quindecim
1717 3060 1791 3096 ta·

1060 3124 1192 3173 lenta
1229 3135 1420 3190 aequant
1467 3135 1654 3171 marcas
1701 3119 1790 3170 feu

1060 3197 1256 3248 selibras
1302 3195 1535 3260 nostrates
1597 3191 1731 3256 1406
1757 3217 1794 3256 ·.
1824 3240 1831 3247 .

1062 3287 1174 3323 eum
1197 3269 1350 3324 unciis
1371 3285 1424 3324 2.
