2300 3859
412 130 1146 228 x132²·'1‘1·1·1
1256 137 1670 208 L1v11

218 227 537 317 stuwi-L?
571 228 856 310 Quintius
898 231 1078 295 frater
1116 231 1244 314 ejus
1283 233 1602 294 adduxerat
1642 252 1715 295 ex
1751 231 2016 296 hiberni&

220 316 449 383 a.C.197.
469 309 755 394 Corcyrae
781 359 802 389 ,
834 313 1158 395 Sicyonem
1197 313 1520 376 transmisit.
1553 313 1682 375 Jam
1721 313 1799 375 ibi
1835 316 2022 377 Atta-

465 392 556 454 lus
575 411 701 454 erat
723 438 744 468 ,
768 397 867 478 qui
901 416 1082 476 quum
1113 403 1376 478 tyranno
1412 397 1488 456 ad
1515 395 1850 457 Romanum
1887 399 2015 457 im·-

464 493 801 558 peratorem
818 522 839 551 ‚
862 497 983 536 non
1006 475 1286 538 Romano
1308 476 1384 538 ad
1403 495 1722 558 tyrannum
1747 477 2014 541 eundum

462 557 691 638 §iceret
716 568 740 630 3
778 559 839 618 in
878 556 1417 620 sententiam-suam
1451 556 1768 637 Quintium
1802 559 2018 632 tradux-2*

230 661 445 724 Nabidis
470 639 555 699 xit
582 685 603 715 ,
644 660 721 700 ne
761 640 823 699 in
866 641 1075 702 urbem
1110 639 1286 720 ipsam
1332 639 1534 722 Argos
1574 642 1703 702 iret.
1739 659 1781 718 7
1825 640 2016 701 Haud

230 759 335 792 eum
474 721 682 802 procul
712 721 855 782 urbe
888 718 1213 804 Mycenica
1249 737 1497 782 vocatur
1526 741 1541 780 ε
1569 721 1630 781 in
1669 741 1745 791 eo
1777 719 1914 782 loco
1944 738 2017 785 ut

233 813 443 888 Quintio
477 801 975 886 congrederentur
992 848 1011 878 ,
1030 806 1332 865 convenit.
1361 802 1640 883 Quintius
1668 822 1800 862 cum
1829 801 2020 864 fratre

226 888 391 940 collo·
477 883 546 944 &
585 885 825 945 tribunis
852 884 1101 946 militum
1136 885 1334 966 paucis
1364 929 1383 958 ‚
1418 883 1646 944 Attalus
1676 904 1809 943 cum
1839 886 2020 966 regio

225 961 407 1034 auim-
442 1033 445 1040 ,
476 965 753 1028 comitatu
780 1011 799 1039 ‚
826 964 1188 1028 Nicostratus
1226 964 1578 1025 Achaeorum
1617 983 1832 1042 praetor
1869 986 2012 1027 cum

475 1044 840 1108 auxiliaribus
860 1048 1057 1130 paucis
1073 1049 1266 1110 venit:
1281 1064 1596 1127 tyrannum
1617 1045 1698 1110 ibi
1720 1065 1854 1106 cum
1878 1068 2012 1106 om·

472 1129 643 1188 nibus
675 1130 856 1209 copiis
887 1129 1297 1210 opperientem
1327 1130 1713 1188 invenerunt:
1735 1126 2010 1210 progres-

472 1208 569 1268 sus
598 1229 849 1270 armatus
876 1231 1008 1270 cum
1043 1208 1376 1270 satellitibus
1405 1209 1635 1270 armatis
1667 1205 1748 1267 est
1773 1210 1832 1268 in
1869 1229 2013 1271 me·-

473 1289 635 1349 dium
659 1288 780 1351 fere
809 1289 1202 1352 inter'acentis
1227 1293 1452 1371 campi:
1473 1290 1708 1360 inermis
1728 1289 2016 1370 Quintius·

471 1391 611 1431 cum
645 1369 821 1432 fratre
850 1371 913 1432 &
935 1312 1164 1434 <luobus
1193 1371 1430 1432 tribunis
1457 1371 2018 1434 militumzinermes
2053 1422 2061 1432 .

470 1453 617 1512 item
648 1455 771 1534 regi
809 1455 1019 1534 prae'tor
1047 1453 1404 1514 Achaeorum
1428 1494 1446 1525 ,
1479 1453 1542 1514 &
1569 1473 1713 1511 unus
1747 1471 1818 1512 ex
1856 1475 2016 1534 pur-

471 1535 693 1614 puratis
743 1533 890 1594 latus
941 1535 1270 1616 cingebant.
1316 1532 1548 1594 Initium
1602 1531 1881 1594 sermonis
1930 1533 2018 1596 ab

474 1613 845 1676 excusatione
881 1617 1113 1696 tyranni
1147 1633 1342 1676 ortum
1362 1658 1386 1686 ,
1425 1616 1574 1695 quod
1614 1633 1855 1676 armatus
1889 1616 2007 1696 ipse

421 1749 430 1759 Ι
474 1696 805 1776 armatisque
827 1697 1017 1777 septus
1038 1743 1062 1768 ,
1087 1719 1248 1779 quum
1285 1698 1512 1756 inermes
1549 1698 1855 1758 Romanum
1889 1700 2011 1757 im-

369 1768 412 1843 ss
464 1797 770 1860 peratotem
812 1799 1082 1859 regemque
1117 1797 1348 1838 cerneret
1371 1822 1395 1849 ,
1432 1779 1492 1837 in
1531 1778 1862 1857 colloquium
1896 1801 2008 1838 ve-

470 1855 628 2002 rlaqiffet
668 1879 689 1919 .·
731 1881 901 1939 neque
942 1863 1081 1926 enim
1113 1859 1175 1937 se
1205 1860 1355 1919 illos
1392 1860 1574 1918 timere
1600 1903 1624 1930 ,
1646 1860 1752 1936 sed
1789 1859 2018 1938 exsules.

532 1941 820 2021 rgivoncm
854 1939 999 2001 Inde
1035 1941 1133 2000 ubi
1167 1940 1239 2002 de
1275 1939 1706 2000 conditionibus
1738 1941 2006 2002 amicitiae

474 2037 735 2102 coeptum
770 2043 799 2081 a
843 2025 862 2081 i
892 2019 973 2082 est
994 2067 1013 2096 ‚
1038 2021 1340 2082 Romanus
1375 2021 1514 2080 ‘duas
1555 2017 1840 2099 postulare
1862 2041 1958 2106 res
1979 2042 2004 2082 :-

476 2121 655 2164 unam
679 2147 703 2174 ,
726 2121 789 2162 ut
804 2043 1041 2168 {ellum
1072 2123 1205 2163 cum
1231 2101 1453 2162 Achaeis
1480 2100 1700 2162 finiret:
1721 2102 1959 2162 alteram
1981 2147 2010 2178 ‚,

472 2201 539 2244 ut
576 2182 850 2243 adversus
883 2184 1212 2264 Philippum
1249 2186 1505 2243 mitteret
1541 2181 1732 2242 secum
1773 2184 2009 2248 auxilia.

470 2263 704 2326 Auxilia
723 2262 779 2324 se
797 2261 1087 2324 missurum
1108 2265 1249 2344 dixit
1267 2283 1282 2322 ε
1297 2285 1404 2346 pro
1425 2282 1570 2343 pace
1588 2285 1718 2323 cum
1735 2262 1964 2326 Achaeis
1978 2309 2008 2343 ‚

471 2343 719 2406 induciae
740 2347 1095 2426 impetrate,
1116 2344 1305 2406 donec
1332 2344 1552 2405 bellum
1577 2364 1715 2404 cum·
1730 2345 2012 2429 Philippo

402 2468 411 2474 -
472 2422 753 2486 finiretur.
1971 2469 1982 2478 ·

554 2503 684 2568 XL.
710 2505 809 2568 De
836 2505 1009 2590 Argis
1045 2513 1164 2589 q'uo
1207 2526 1282 2568 ue
1315 2505 1656 2589 disceptatio
1695 2507 1767 2568 ab
1793 2506 2010 2570 Attalo

468 2605 534 2648 re
581 2608 614 2649 e
645 2587 725 2650 est
760 2607 889 2650 nata
913 2634 933 2664 ,
958 2609 1138 2670 quum
1201 2589 1376 2668 raude
1409 2587 1677 2649 Philoclis
1707 2590 2001 2671 proditam

468 2686 537 2728 ur
579 2689 677 2730 em
708 2673 769 2729 vi
807 2669 879 2730 ab
916 2689 993 2733 eo
1024 2672 1210 2732 teneri
1246 2688 1548 2754 argueret3
1579 2669 1678 2730 ille
1711 2714 1729 2743 ‚
1769 2671 1842 2730 ab
1867 2670 2006 2752 ip-fis

466 2747 703 2831 Argivis
727 2794 746 2823 ‚
782 2768 851 2810 ut
885 2749 942 2810 se
984 2749 1371 2824 defenderet,
1409 2752 1679 2812 accitum.
1718 2749 2004 2813 Concio-·-

386 2859 390 2864 ·
464 2848 605 2891 nem
658 2831 1016 2912 Argivorum
1061 2852 1165 2892 rex
1217 2831 1540 2914 postulabat
1573 2875 1594 2904 ‚
1641 2847 1704 2891 ut
1755 2833 1814 2891 'td
1871 2832 2008 2894 sciri

464 2910 677 2994 posset.
704 2910 834 2973 Nec
871 2929 1149 2994 tyrannus
1175 2915 1466 2977 abnuere:
1492 2913 1592 2975 sed
1629 2911 1886 2973 deductis
1923 2934 2006 2974 ez

530 3031 563 3079 7
586 3015 735 3066 de
745 3016 919 3085 procul
936 3017 1047 3066 urbe
1062 3016 1184 3086 My·
1258 3034 1344 3069 cus
1377 3017 1444 3068 est
1463 3052 1480 3076 ‚
1515 3018 1594 3084 qui
1617 3015 1880 3084 Mycenica
1899 3031 1994 3070 vo-

455 3090 619 3140 eenica
635 3107 860 3142 vocatur.-
878 3097 928 3141 in
950 3108 1003 3141 eo
1026 3091 1182 3152 loe-04
1256 3103 1395 3144 catut
1411 3109 1424 3144 τ
1439 3093 1490 3144 in
1509 3108 1573 3146 eo
1591 3092 1779 3146 loco-00

453 3162 600 3216 Haud
617 3167 797 3235 procul
808 3165 929 3217 urbe
946 3163 1091 3235 Argis
1108 3165 1186 3217 lo·
1471 3164 1476 3168 ’
