2300 3859
569 247 800 330 an
853 271 998 329 aa
1092 251 1477 351 XXXV.
1661 274 1793 356 325

262 355 407 416 eum
447 357 869 436 pertraherent.
906 352 1098 414 Effusa
1146 353 1323 415 secuti
1362 352 1651 436 fugientes
1694 362 2051 435 peru,e,36o.⁴

269 437 648 512 convallem,
686 436 950 518 plerique
988 435 1052 496 δι
1087 435 1420 507 vulnerati,
1455 435 1525 495 δι
1558 434 2050 501 interfe-a·c.192.

275 515 352 575 &i
383 517 546 593 sunt,
572 517 900 600 priusquam
933 516 1229 578 occultum
1260 514 1487 577 hostem
1512 517 1809 578 viderent.

279 594 502 660 Certati
533 601 615 660 ita
648 644 668 672 ,
725 616 1009 681 quantum
1050 597 1299 658 latitudo
1340 598 1511 656 vallis
1552 598 1817 678 patieba-

275 693 408 752 tur,
456 679 706 742 instruffi
747 679 1048 753 sederant,
1079 691 1163 741 ut.
1182 677 1350 738 facile
1382 697 1487 758 per
1508 679 1811 742 intervalla
1880 751 1884 757 ,

275 762 552 822 ordinum
573 761 860 845 fugientes
892 760 1023 822 suos
1057 761 1407 840 acciperent.
1435 757 1813 842 Consurgunt

274 839 495 905 deinde
528 841 634 925 ipsi
676 844 922 926 integri,
962 859 1265 917 recentes,
1308 839 1599 901 instructi:
1642 841 1709 902 &
1746 844 1813 903 in

277 921 473 985 hostes
531 923 890 986 inordinatos
915 969 936 998 ,
992 921 1240 994 effusos,
1276 921 1479 984 labore
1525 923 1701 982 etiam
1744 921 1817 983 δι

274 1005 612 1066 vulneribus
644 1003 814 1067 fessos
833 1051 854 1080 ,
890 1007 1176 1086 impetum
1198 1002 1437 1064 faciunt.
1478 1001 1606 1070 Nec
1640 1002 1817 1064 dubia

275 1085 524 1147 vicioria
555 1085 698 1160 fuit;
725 1085 1024 1168 extemplo
1055 1103 1221 1167 terga
1247 1085 1407 1146 dedit
1440 1088 1675 1164 tyranni
1700 1085 1819 1143 rni-

279 1165 408 1227 les:
449 1167 515 1228 δι.
555 1167 709 1228 haud
797 1168 931 1228 aulo
973 1167 1355 1228 concitatiore
1390 1165 1549 1226 cursu
1577 1209 1597 1239 ,
1637 1164 1817 1246 quam

280 1245 504 1308 secutus
535 1267 658 1311 erat
677 1293 702 1322 ,
738 1190 1000 1332 AEgiens,
1033 1247 1106 1308 ad
1141 1247 1316 1308 castra
1344 1246 1427 1308 est
1454 1245 1818 1329 compulsus3

280 1331 453 1390 multi
495 1329 622 1391 caefi
662 1351 726 1390 ca
770 1333 926 1412 tique
959 1331 1020 1389 in
1051 1349 1122 1390 ea
1150 1327 1287 1411 fuga
1318 1329 1464 1390 sunt.
1507 1327 1581 1389 Et
1620 1332 1679 1390 in
1719 1349 1819 1388 ca-

281 1408 408 1470 stris
445 1431 682 1494 quoque
729 1430 862 1473 oret
895 1411 1291 1492 trepidatum,
1326 1409 1819 1490 niphilopoemen

281 1495 544 1573 receptui
583 1495 710 1554 cani
748 1489 976 1573 juffiss'et
1003 1511 1018 1551 ε
1042 1493 1177 1552 loca
1209 1495 1395 1574 magis
1432 1490 1818 1573 confragosa,

287 1574 356 1632 &
380 1618 402 1644 ,
449 1594 808 1655 quacumque
853 1590 1076 1638 temere
1135 1570 1488 1654 proceffiffet
1510 1617 1529 1646 ,
1578 1575 1817 1654 iniqua,

284 1653 464 1735 quam
497 1653 722 1716 hostem
757 1675 1045 1716 metuens·
1081 1653 1228 1734 I‚nde
1260 1655 1326 1714 δι
1354 1673 1425 1714 ex
1449 1652 1681 1714 fortuna
1701 1675 1819 1735 pu·-

284 1755 456 1818 gnae,
501 1737 566 1798 &
609 1756 683 1798 ex
711 1737 949 1820 ingenio
983 1736 1142 1796 ducis
1178 1733 1507 1814 conjessans
1532 1781 1551 1808 ,
1595 1738 1654 1794 in
1698 1755 1819 1816 quo

285 1835 412 1878 tum
433 1819 478 1876 is
512 1837 736 1900 pavore
773 1815 950 1890 effer,
983 1837 1163 1876 unum
1191 1815 1265 1878 de
1299 1817 1661 1877 auxiliaribus
1685 1814 1821 1897 spe-

288 1900 397 1958 cie·
423 1898 728 1982 transfugae
753 1901 932 1960 mittit
965 1898 1036 1956 ad
1074 1917 1210 1958 eum
1232 1942 1252 1970 ‚
1283 1899 1384 1978 qui
1414 1919 1520 1977 pro
1548 1917 1823 1977 comper·

288 1995 355 2039 to
389 1977 616 2042 afferret
635 2025 654 2054 ,
691 1979 944 2041 Achaeos
965 1976 1210 2040 statuiffe
1229 1976 1461 2059 postero
1486 1977 1579 2038 die
1603 1977 1681 2038 ad·
1704 1977 1824 2039 Eu-

287 2077 480 2122 rotam
521 2081 790 2136 amnem,
827 2064 928 2144 qui
972 2081 1175 2142 prope.
1203 2057 1336 2140 ipfis
1378 2057 1557 2120 affluit
1600 2061 1822 2120 moeni·-

189 2185 204 2194 -
291 2143 403 2203 bus
423 2188 442 2217 ‚
481 2143 803 2224 procedere
829 2189 849 2219 ,
877 2161 940 2204 ut
975 2143 1430 2204 intercluderent
1459 2142 1568 2201 iter
1590 2161 1611 2215 ;
1634 2162 1709 2202 ne
1728 2155 1827 2202 aut

291 2241 577 2304 tyrannus
600 2269 620 2299 ,
673 2245 856 2305 quum
890 2225 1114 2298 vellet,
1151 2242 1456 2304 receptum
1502 2223 1579 2282 ad
1618 2222 1827 2284 urbem
1907 2297 1912 2303 ι

289 2305 536 2365 haberet
566 2327 586 2380 ;
615 2324 714 2367 aut
753 2323 1112 2368 commeatus
1133 2306 1205 2365 ab
1226 2305 1369 2365 urbe
1393 2307 1453 2364 in
1485 2301 1661 2364 castra
1678 2325 1829 2386 por-
1878 2307 1881 2310 ’

293 2403 602 2446 tarentur:
643 2384 808 2447 simul
855 2390 1029 2448 etiam
1073 2403 1438 2459 tentaturos,
1483 2383 1525 2444 fi
1575 2405 1827 2466 quorum
1894 2441 1899 2447 .

285 2470 474 2528 animi
511 2466 797 2528 sollicitari
835 2467 910 2528 ad
945 2465 1334 2528 defectionem
1358 2489 1389 2526 a
1413 2484 1665 2544 tyranno
1686 2467 1827 2547 pos-

295 2547 442 2610 sent.
472 2547 614 2610 Non
643 2567 762 2609 tam
791 2547 970 2609 fidem
993 2547 1154 2608 diciis
1175 2547 1415 2630 perfuga
1436 2545 1575 2607 fecit
1603 2593 1620 2619 ,
1650 2546 1825 2629 quim
1906 2547 2071 2616 Castra

189 2629 240 2686 '.
341 2630 562 2691 erculso
601 2650 764 2692 metu
803 2629 1161 2712 relinquendi
1210 2627 1385 2689 castra
1417 2627 1639 2688 causam
1681 2651 1821 2711 pro·
1838 2627 2009 2698 deserit

287 2651 550 2774 {abilem
587 2713 851 2793 praebnit.
889 2709 1124 2772 Postero
1159 2711 1257 2771 die
1276 2709 1673 2793 Pythagoram
1695 2731 1827 2771 cum
1841 2716 2071 2776 tyr‘mfflss

295 2793 664 2854 auxiliaribus
717 2794 780 2855 &
841 2794 1100 2876 equitatu
1131 2791 1458 2852 'stationem
1500 2811 1671 2874 agere
1717 2814 1829 2875 pro

283 2875 457 2935 ‘vallo
496 2872 687 2954 juffit3
724 2874 843 2956 ipse
864 2919 883 2948 ,
915 2893 1190 2955 tanquam
1230 2876 1292 2933 in
1318 2875 1497 2933 aciem
1521 2918 1539 2945 ‚
1570 2893 1700 2933 cum
1726 2895 1835 2935 ro-

295 2953 444 3015 bore
479 2956 760 3018 exercitus
793 2953 1043 3039 egressus
1066 3000 1086 3030 ,
1117 2953 1273 3038 figna
1292 2957 1451 3016 ocius
1478 2951 1619 3015 ferri
1642 2955 1715 3016 ad
1735 2976 1837 3027 uto,

89 3011 98 3016 ἐ
192 3040 214 3046 ”
291 3032 442 3096 'hem
483 3033 654 3112 juffit.

385 3113 588 3180 XXX.
621 3109 1032 3201 Philopoemen
1056 3104 1435 3257 posteaquam
1470 3117 1710 3176 citatum.
1730 3132 1838 3198 agi

302 3215 448 3270 men
479 3219 596 3279 ,per
650 3200 948 3282 angustam
1007 3200 1072 3261 &
1131 3220 1273 3281 proc
1298 3199 1461 3258 ivem
1501 3200 1655 3260 viam
1707 3195 1839 3259 duci

300 3279 513 3362 raptim
557 3280 706 3348 vidit
730 3325 754 3358 ‚
793 3287 1112 3365 equitatum
1149 3299 1435 3356 omnem,
1472 3279 1537 3344 δι
1574 3276 1845 3373 Cretenug
