2300 3859
493 221 672 303 '370
858 201 1188 276 Τιτι
1284 201 1688 274 Ltvtt

245 304 707 383 u.e.561.urbem
755 299 1193 364 defendendam
1220 318 1237 358 ε
1261 299 1329 362 &
1376 319 1479 361 rex
1512 299 1607 360 ab
1652 297 1837 362 omni·
1868 315 2051 384 part·

250 383 665 452 &Cam-simul
703 403 1048 466 oppugnare
1080 383 1304 442 moenia
1338 379 1423 443 est
1454 379 1767 464 aggress'us.
1804 381 1880 444 Et
1904 427 1929 459 ,
1970 403 2043 448 ut

441 477 460 530 -'
497 469 601 549 qui
645 464 778 526 satis
831 465 1185 546 intelligeret
1212 508 1233 538 ‚
1280 460 1529 544 (neque
1580 466 1741 524 enim
1792 465 2071 538 dubium,

496 545 674 630 erat)
696 549 755 608 in
789 563 1009 608 eventu
1041 543 1171 625 ejus
1198 544 1355 620 urbis
1390 541 1639 626 pofitum
1677 543 1790 608 ess'e
1813 592 1834 620 ,
1868 569 2051 630 quam

497 632 751 712 primam
799 625 1090 711 aggressus
1127 624 1270 688 ess'et
1291 671 1311 701 ,
1349 644 1447 688 aut
1486 625 1675 709 sperni
1716 626 1933 691 deinde
1972 631 2051 691 ab

440 726 449 734 ‘
499 709 770 774 universa
815 727 992 794 gente
1031 703 1442 771 Thess'alorum
1480 751 1502 780 ,
1560 726 1656 769 ant
1701 712 1893 771 timeri
1936 709 1995 772 se
2025 731 2055 786 3

501 813 748 858 omnem
777 792 1036 873 undique
1067 808 1357 852 terrorem
1397 787 1633 851 obseffis
1669 788 1889 870 injecit.
1920 789 2052 853 Pri-

501 895 668 938 mum
717 876 1008 957 impetum
1049 873 1501 955 oppugnationis
1541 869 1673 932 satis
1714 871 2055 950 constanter

502 956 885 1019 sustinuerunt
921 977 936 1014 ε
975 955 1193 1014 deinde
1226 975 1407 1034 quum
1452 953 1619 1013 multi
1656 973 2045 1037 propugnan-

501 1055 594 1099 tes
631 1037 905 1100 caderent
927 1081 947 1110 ‚
969 1052 1064 1096 aut
1105 1036 1547 1096 vulnerarentur
1573 1079 1594 1105 ,
1632 1033 1827 1096 labare
1867 1036 2051 1099 animi

453 1127 460 1130 ’
501 1139 766 1201 coepere.
791 1117 1078 1179 Revocati
1111 1115 1331 1177 deinde
1364 1113 1829 1197 castigationibus
1872 1120 2041 1198 prin-

501 1203 701 1282 cipum
740 1199 816 1260 ad
855 1199 1347 1281 perseverandum
1378 1201 1437 1258 in
1480 1195 2051 1278 propofito‚reli&o

495 1285 791 1346 exteriore
829 1281 1050 1342 circulo
1094 1283 1292 1355 muri,
1332 1277 1735 1340 deficientibus
1771 1276 1890 1360 jam
1926 1301 2053 1343 co-

493 1367 608 1446 piis
632 1411 651 1437 ‚
677 1367 735 1425 in
767 1364 1108 1425 interiorem
1141 1378 1371 1444 partem
1402 1361 1563 1421 urbis
1596 1359 2049 1440 concess'erunt,

491 1449 589 1505 cui
614 1447 852 1506 brevior
891 1445 1046 1506 orbis
1073 1445 1412 1504 munitionis
1444 1440 1843 1522 circumjefius
1870 1463 1993 1505 erat
2019 1465 2049 1520 ⁹,

492 1525 800 1608 postremi>
841 1526 976 1587 viai
1024 1527 1193 1586 malis
1236 1545 1419 1606 quum
1467 1526 1742 1585 timerent
1784 1569 1805 1599 ‚
1853 1543 1929 1586 ne
1975 1529 2047 1588 vi

492 1610 677 1687 captis
712 1609 868 1668 nulla
903 1607 1059 1688 apud
1102 1605 1393 1668 vifiorem
1428 1609 1601 1667 venia
1636 1603 1775 1668 effet
1800 1651 1822 1678 ,
1860 1607 2041 1670 dedi-

487 1689 702 1750 derunt
749 1688 885 1750 sese.
928 1685 1088 1748 Nihil
1124 1688 1265 1748 inde
1294 1705 1557 1748 moratus
1594 1707 1697 1748 rex
1731 1733 1753 1764 ‚
1790 1707 2039 1770 quatuor

487 1772 670 1835 millia
719 1789 1074 1832 armatorum
1117 1817 1136 1844 ‚
1170 1770 1329 1856 *dum
1370 1789 1573 1830 recens
1616 1785 1805 1830 terror
1850 1770 1991 1831 ess'et
2015 1815 2049 1843 ,

487 1850 812 1914 Scotussam
858 1851 1006 1913 mifit
1041 1873 1061 1925 3
1100 1872 1209 1912 nec
1254 1852 1339 1912 ibi
1387 1873 1551 1911 mora
1591 1850 1903 1912 deditionis
1946 1851 2035 1914 est

486 1932 640 1995 fafia
681 1959 697 1995 ι
741 1936 1108 1996 cernentibus
1140 1933 1525 1994 Pheraeorum
1568 1951 1771 1993 recens
1816 1953 2037 1994 exem-

485 2015 656 2099 plum
695 2061 715 2094 ‚
753 2019 895 2099 qui,
938 2017 1106 2098 quod
1155 2017 1527 2097 pertinaciter
1610 2015 1761 2074 rimo
1809 2014 2041 2077 abuue-

486 2117 659 2172 rant,
691 2100 849 2160 malo
887 2097 1096 2163 domiti
1135 2097 1376 2158 tandem
1418 2095 1533 2156 feci
1552 2113 1559 2118 ·
1578 2113 1677 2156 ent
1698 2114 1719 2169 ς
1738 2117 1872 2156 cum⁴
1912 2096 2041 2178 ipsa

485 2180 632 2241 urbe
669 2179 1044 2261 Hippolocus
1084 2177 1599 2260 Larisfaeornmque
1638 2177 1900 2240 deditum
1946 2176 2043 2240 est·

490 2259 842 2343 praefidium.
864 2279 904 2338 7
927 2259 1158 2321 Dimiffi
1194 2259 1268 2318 ab
1308 2279 1447 2341 rege
1478 2259 1747 2321 inviolati
1786 2277 2037 2322 omnes:

493 2341 661 2424 qubd
715 2361 845 2402 eam
895 2362 1020 2402 rem
1061 2343 1259 2422 magni
1304 2342 1593 2402 momenti
1628 2339 1879 2402 futuram
1924 2361 2037 2403 rex

489 2423 568 2484 ad
605 2423 1000 2485 conciliandos
1036 2421 1431 2483 Lariss‘aeorum
1467 2419 1695 2485 animos
1735 2423 2042 2485 credebat.

566 2503 647 2566 X.
676 2503 832 2566 Intra
873 2506 1166 2567 decimum
1206 2505 1361 2566 diem
1391 2503 1567 2586 quam
1589 2502 1801 2566 Pheras
1836 2524 2037 2566 vene-

482 2602 575 2648 tat
603 2585 690 2646 his
715 2585 984 2668 perfeffis
1003 2633 1021 2660 ‚
1049 2585 1390 2648 Cranonem
1414 2584 1705 2666 profeeus
1736 2606 1868 2646 cum
1893 2603 2039 2650 toto

485 2669 742 2728 exercitu
769 2713 789 2742 ,
831 2671 1022 2750 primo
1070 2669 1330 2729 adventu
1374 2668 1533 2748 cepit
1564 2689 1584 2741 3
1622 2667 1760 2729 inde
1798 2665 2043 2749 Cypae-

480 2767 605 2808 ram
637 2747 702 2809 δι
723 2747 1117 2829 Metropolim·
1142 2795 1163 2824 ,
1194 2750 1257 2810 o&
1284 2752 1359 2810 iis
1392 2746 1761 2828 circumjefflt
1798 2748 2037 2811 castella

481 2827 752 2910 recepit-3
785 2832 1100 2913 omniaque
1143 2830 1262 2910 jam
1304 2833 1561 2914 regionis
1605 2828 1731 2908 ejus
1756 2877 1775 2906 ‚
1813 2842 2039 2912 praeter

477 2907 768 2973 Atracem·
817 2913 881 2972 &
928 2910 1279 2995 Gyrtonem·
1306 2959 1323 2984 ,
1378 2915 1437 2992 in
1494 2909 1783 2994 potestate
1842 2931 2041 2976 erant.

477 2988 644 3058 ‚Tum
679 2995 924 3078 aggredi
956 2993 1231 3058 Larissam
1252 2993 1545 3065 constituit
1564 3015 1579 3054 ε
1598 3011 1753 3056 ratus
1784 2994 1882 3057 vel
1911 3011 2041 3056 ter·

555 3113 590 3164 7
611 3098 808 3168 Dinuffi
829 3099 888 3152 ab
920 3117 1025 3170 rege
1055 3101 1215 3152 invio·
1289 3117 1395 3172 rege
1417 3134 1434 3161 ‚
1458 3101 1540 3152 vel
1576 3117 1682 3157 rex.
1714 3101 2037 3156 Alterutrum

479 3171 577 3224 tui
594 3191 750 3225 omnes
769 3190 786 3224 .·
807 3175 934 3244 quod
955 3193 1056 3226 eam
1074 3193 1215 3227 rem..
1288 3175 1423 3228 enim
1439 3188 1612 3231 vacato

470 3247 692 3314 fututam
706 3266 812 3301 us.
833 3248 860 3316 J
877 3247 981 3306 Vel
1011 3247 1218 3302 tollen&
