2300 3859
513 184 612 278 '³48
858 182 928 257 T
978 204 1006 256 1
1053 205 1105 258 τ
1155 202 1186 255 1
1296 177 1355 255 L
1408 200 1441 254 1
1490 200 1553 256 v
1600 199 1631 255 1
1683 203 1715 255 1

273 306 614 381 ufic-552fgo
642 284 894 365 Capuam
917 285 1056 350 *dico
1087 326 1107 355 ‚
1146 304 1309 363 quum
1340 283 1657 362 Carthagini
1686 281 1839 343 vieiae
1862 292 2063 363 pacem

276 374 589 441 :teneone
628 366 928 433 libertatem
972 364 1279 423 dederimus
1314 364 1350 420 ?
1386 366 1580 445 Magis
1616 366 1763 423 illud
1803 368 1871 443 est
1905 368 2061 445 peri·

287 438 302 453 ⁰
519 447 708 510 culum
729 480 749 520 ·‚
782 469 845 505 ne
883 446 1050 506 nimis
1071 443 1248 521 fitcile’
1282 447 1439 504 villis
1474 445 1794 525 ignoscendo
1822 490 1840 516 ‚
1868 448 2063 525 plures

421 580 424 583 ,
521 528 590 587 ob
628 528 860 607 idipsum
898 532 976 585 ad
1017 526 1400 607 eiperiendam
1434 527 1697 587 adversus
1737 549 1839 585 nos
1862 524 2063 605 fortu-

519 604 649 669 itam
687 610 817 667 belli
851 605 1156 669 incitemus.
1194 610 1333 667 Haec
1368 629 1472 688 pro
1508 608 1665 667 nohis
1695 608 1837 666 dicia
1867 607 2003 685 sunt
2025 628 2056 679 3

519 691 636 754 baec
676 687 941 751 adversus
978 690 1303 771 Philippum
1326 686 1522 767 :cujus
1559 691 1841 769 domestica
1864 710 1976 769 par
2012 691 2024 703 '

522 772 674 841 cidia
697 815 720 843 ,
749 772 803 830 δ’
843 789 1191 853 cognatorum
1229 772 1624 849 amicorumque
1659 772 1828 829 caedes
1844 813 1866 847 ,
1890 770 1943 829 6·
2058 832 2061 839 ,

523 853 763 913 bijinem
803 866 830 933 ς
869 854 1301 913 inhumaniorem
1337 856 1509 932 prope
1547 852 1707 931 qucim
1743 851 2060 910 crudelita-

491 942 502 953 ⁶
523 952 629 997 tem
651 977 672 1004 ‚
696 956 796 993 vos
815 977 838 1005 ‚
872 935 976 1011 quo
995 935 1278 1013 propiores
1304 932 1649 993 Macedonia
1676 934 1797 1002 eliis
1815 976 1835 1005 ,
1858 931 2057 993 melius

464 1034 470 1037 ·
523 1017 710 1097 nostis.
741 1018 912 1094 Quod
938 1017 1015 1073 ad
1049 1036 1148 1074 vos
1184 1014 1418 1087 attinet,
1438 1014 1631 1077 AEtoli
1649 1022 1671 1083 ,'
1693 1023 1919 1094 nos’pro
1954 1037 2059 1076 tvo-.-

523 1098 613 1160 bis
648 1096 848 1155 bellum
873 1095 1212 1176 suscepimus
1249 1092 1513 1153 adversus
1538 1094 1863 1177 Philippum
1901 1116 1920 1154 .·
1954 1118 2060 1157 vos

509 1178 634 1257 fine
667 1177 824 1235 nohis
856 1174 978 1236 cum
1015 1198 1079 1235 eo
1111 1196 1309 1258 pacem
1330 1174 1558 1255 fecistis.
1594 1179 1674 1236 Et
1704 1175 1941 1259 fhrfitan
1969 1178 2060 1237 di-

523 1258 670 1317 catis
689 1302 708 1330 ,
729 1256 871 1317 bello
897 1254 1111 1319 Punico
1144 1257 1429 1338 occupatis
1450 1257 1609 1317 nobis
1630 1300 1654 1329 ,
1682 1260 1894 1318 canos
1912 1276 2059 1321 metu

519 1360 627 1411 ‘yos
645 1382 664 1411 ,
688 1340 738 1399 le
773 1360 829 1397 es
857 1340 1023 1419 pacis
1051 1338 1122 1398 ab
1144 1361 1207 1399 eo
1238 1341 1333 1419 qui
1360 1356 1471 1399 tum
1497 1340 1635 1419 plus
1661 1355 1879 1420 poterat
1900 1356 2062 1400 acce-

513 1416 654 1502 ptffe
678 1442 695 1479 .·
719 1362 772 1480 ἐξ
793 1443 896 1480 nos
915 1462 934 1493 ,
957 1440 1118 1500 quum
1143 1419 1265 1479 alia
1298 1417 1511 1499 majora
1542 1437 1788 1502 urgerent
1807 1464 1827 1494 ‚
1846 1422 2059 1500 depost-

523 1518 635 1563 tum
658 1524 695 1564 a
723 1501 881 1562 vobis
904 1501 1104 1561 bellum
1138 1500 1196 1562 6·
1231 1502 1338 1581 ipsi
1356 1502 1646 1581 omisimus.
1672 1504 1843 1563 Nunc
1869 1502 1925 1563 6·
1952 1522 2057 1561 nos

521 1582 681 1655 §Ictim
721 1583 1056 1665 benignitate
1095 1584 1318 1645 Punico
1373 1580 1605 1665 perseclo
1657 1583 1801 1643 bello
1843 1624 1868 1653 ‚
1921 1582 2056 1641 totis

521 1664 737 1739 ,viribus
788 1664 976 1746 nostris
1026 1664 1086 1725 in
1131 1666 1529 1725 Macedoniam
1583 1665 1925 1724 incubuimus
1949 1684 1969 1722 .·
1995 1662 2055 1725 6·

519 1746 682 1821 fvobis
719 1746 1027 1826 restituendi
1067 1768 1171 1806 vos
1206 1747 1265 1807 in
1298 1747 1601 1806 amicitiam
1630 1743 2052 1823 ficietatemqu'e

518 1830 748 1909 nostram
775 1824 1010 1907 fortuna
1040 1828 1235 1888 oblata
1272 1831 1341 1909 est
1356 1848 1385 1901 ‚·
1422 1828 1530 1905 nili
1552 1828 1729 1907 perire
1756 1845 1886 1910 cum·
1902 1826 2057 1893 Phi-2

521 1909 604 1993 lip
646 1932 678 1969 o
707 1953 726 1979 ,
763 1910 925 1987 qua'm
962 1912 1175 1971 vincere
1214 1930 1333 1970 cum
1368 1906 1640 1969 Romanis
1665 1950 1687 1979 ‚
1724 1906 2015 1969 mavultis·

319 2027 514 2083 Dum,
664 1988 860 2055 XXII.
878 1988 1025 2051 Haec
1059 1988 1210 2050 dista
1234 1990 1307 2052 ab
1325 1988 1600 2050 Romano
1627 2008 1809 2068 quum
1831 1985 2059 2061 ess‘emt,v

279 2104 398 2157 criti
523 2070 806 2139 ,inclinatis
827 2074 1091 2134 omnium
1117 2072 1319 2131 animis
1344 2068 1418 2129 ad
1440 2066 1747 2129 Romanos
1766 2113 1785 2142 ‚
1820 2066 2056 2131 Damo-

284 2179 437 2232 Praet.
524 2155 696 2215 critus
721 2170 935 2235 praetor
953 2152 1282 2213 AEtolorum
1300 2196 1321 2224 ,
1349 2149 1593 2231 pecunia
1612 2192 1630 2223 ‚
1650 2166 1715 2209 ut
1742 2148 1897 2211 fama
1920 2148 2005 2211 est
2024 2194 2053 2223 ,

283 2249 487 2303 AEtolo-
526 2234 600 2297 ab
636 2256 694 2297 re
738 2256 771 2297 e
813 2232 1050 2313 accepta
1085 2277 1107 2305 ,
1145 2231 1289 2291 nihil
1324 2248 1423 2290 aut
1466 2229 1598 2289 huic
1641 2246 1739 2293 aut
1780 2232 1863 2293 illi
1906 2234 2056 2313 parti

283 2344 386 2377 rum
408 2316 678 2389 sen-affen
704 2338 768 2377 us
792 2361 812 2389 ,
843 2318 978 2375 Rem
1003 2313 1040 2373 6
1065 2313 1249 2393 magni
1278 2312 1605 2392 discriminis
1638 2314 1878 2393 consiliis
1918 2316 2057 2375 nul-

281 2399 455 2453 tentia·
521 2401 635 2459 lam
667 2396 763 2475 effi
801 2414 909 2456 tam
945 2395 1225 2454 inimicam
1246 2436 1269 2465 ,
1298 2393 1459 2472 qua'm
1484 2393 1809 2456 celeritatem
1830 2440 1853 2471 ‚
1883 2396 2051 2459 dixit.

523 2481 757 2541 Celerem
803 2476 941 2536 enim
982 2476 1357 2557 paenitentiam
1378 2518 1399 2549 ,
1446 2474 1553 2555 sed
1596 2479 1836 2537 eamdem
1868 2474 2075 2558 seram

520 2578 685 2641 atque
719 2558 967 2637 inutilem
998 2556 1159 2637 siqui
1195 2577 1221 2630 ‚·
1256 2577 1421 2637 quum
1458 2559 1814 2640 praecipitata
1850 2561 2053 2640 raptim

519 2637 750 2719 consilia
787 2660 954 2719 neque
989 2636 1279 2713 revocari,
1302 2660 1470 2718 neque
1501 2639 1562 2697 in
1599 2638 1863 2721 integrum
1896 2639 2055 2715 resti-

517 2724 606 2783 tui
637 2720 848 2803 po'ffint.
871 2720 1316 2781 Deliberationis
1345 2737 1522 2779 autem
1553 2716 1674 2796 ejus
1692 2763 1713 2793 ,
1749 2720 1909 2798 cujus
1935 2715 2049 2801 ipse
2112 2742 2129 2766 r

427 2848 444 2856 -
512 2804 880 2864 maturitatem
937 2802 1347 2882 exspel‘landam
1395 2817 1618 2882 putaret
1643 2844 1664 2875 ‚
1708 2818 1919 2881 tempus
1960 2798 2048 2858 ita

592 2943 616 2989 ς
642 2925 1080 2998 Inhumaniorem.]
1113 2924 1243 2977 Indi·
1318 2922 1553 2991 ejusmodi
1585 2957 1602 2984 ‚
1639 2937 1696 2975 ut
1729 2925 1793 2977 de
1826 2922 1883 2977 iis
1918 2925 2049 2977 bene

511 2994 731 3072 g‘nioiet'n
772 2999 984 3051 bomine.
1315 3014 1377 3047 an
1414 2996 1537 3053 male.
1574 2997 1807 3051 statueres
1842 2998 2049 3050 multum

583 3076 617 3125 6
640 3075 813 3142 Magni·
835 3071 1110 3139 discriminis
1129 3089 1240 3122 eon·
1313 3069 1560 3127 interesset
1588 3088 1609 3131 3
1648 3084 1704 3129 ut
1744 3072 1793 3123 in
1835 3071 1893 3125 iis
1928 3088 2053 3137 pec·

497 3146 646 3219 filiis.
683 3154 712 3233 J
793 3146 1238 3197 Deliberationibus
1314 3143 1413 3195 cati
1460 3142 1557 3194 fine
1602 3162 1780 3217 magno
1822 3146 2051 3215 periculo

505 3237 617 3301 guae
655 3221 958 3276 vetsatentut
993 3220 1122 3274 circa
1154 3236 1239 3275 tes
1309 3233 1412 3275 non
1438 3216 1639 3275 liceret.

1912 3288 2042 3373 iam
