2300 3859
526 210 585 286 L
634 232 683 286 1·
715 211 761 283 Β
812 234 857 284 Ε
905 233 957 287 R
1046 212 1544 285 XXXVII.
1689 210 1836 311 '485

306 302 369 368 in
396 309 627 385 Asiam,
667 311 905 371 alteram
942 312 1001 370 in
1026 309 1302 370 AEtoliam
1341 311 1622 371 mitteret.
1667 307 1836 371 Idem
1855 328 2085 395 05:553,-

311 391 386 451 ab
412 391 603 452 Sardis
638 395 831 473 exigi,
874 409 1043 473 atque
1086 391 1162 450 ad
1199 389 1439 452 eosdem
1467 390 1750 452 exercitus
1778 392 1838 451 id
1855 398 2086 463 25:489·

308 470 704 546 frumentum,
746 472 822 532 ad
859 494 1006 553 quos
1045 471 1302 533 Siculum
1325 514 1348 545 ‚
1384 472 1678 552 deportari
1713 470 1840 551 jusuv

308 550 453 613 sum.
471 554 540 615 L.
562 554 763 615 Baebio
796 553 1265 633 supplementum
1285 555 1345 611 in
1377 552 1712 633 Hispaniam
1731 553 1840 630 das

307 648 469 708 tum,
511 637 669 695 mille
694 633 949 713 Romani
989 634 1214 715 pedites
1236 677 1257 707 ‚
1295 634 1526 714 equites
1557 635 1841 715 quinqua·-

307 717 508 796 ginta,
549 715 614 775 &
659 714 755 775 sex
797 714 974 774 millia
1018 715 1284 793 peditum
1319 713 1509 774 Latini
1539 716 1838 789 nominis,

309 800 380 856 &
414 796 651 856 ducenti
691 798 936 877 equites.
976 793 1202 856 Plautio
1237 793 1502 876 Hypsaeo
1539 796 1599 854 in
1627 794 1840 875 Hispa-

306 878 467 937 niam
502 878 833 939 citeriorem
864 876 1022 936 mille
1053 876 1310 937 Romani
1350 876 1468 936 dati
1503 874 1640 935 sulit
1665 876 1838 955 pe'dio

306 972 397 1017 tes
417 1003 437 1032 ‚
466 957 587 1019 duo
614 959 801 1020 millia
836 956 1051 1018 sociiim
1072 956 1263 1017 Latini
1295 956 1549 1017 nominis
1569 1000 1596 1029 ,
1634 956 1700 1017 &
1719 956 1842 1015 du«

308 1040 467 1097 cerati
502 1040 721 1121 equites
764 1059 779 1098 ε
819 1058 953 1098 cum
996 1039 1082 1097 his
1123 1036 1573 1117 supplementiS,
1621 1049 1684 1097 ut
1719 1034 1836 1095 sm·-

308 1119 470 1199 gulas
506 1120 771 1200 legiones
805 1118 933 1178 duae
966 1116 1260 1197 Hispaniae
1294 1119 1592 1179 haberent.
1623 1115 1836 1177 Prioris

306 1201 444 1258 anni
476 1198 929 1280 magistratibus,
966 1196 1045 1258 C.
1069 1198 1252 1257 Laelio
1281 1219 1411 1257 cum
1450 1197 1549 1257 suo
1575 1199 1836 1257 exercitu

304 1299 488 1359 proto
530 1297 689 1338 atum
718 1282 778 1338 in
808 1298 1023 1338 annum
1057 1279 1366 1357 imperium
1396 1276 1517 1350 est;
1547 1298 1838 1357 proroga-

306 1376 434 1419 tum
581 1358 647 1419 P.
694 1359 868 1421 Iunio
906 1360 1255 1439 propraetori
1295 1361 1354 1417 in
1396 1356 1654 1429 Etruria,
1701 1377 1836 1417 cum

306 1459 389 1501 eo
424 1441 683 1501 exercitu
716 1441 895 1520 quiin
926 1439 1228 1519 provincia
1249 1436 1432 1511 effet3
1466 1438 1532 1499 &
1555 1436 1646 1499 M.
1663 1435 1836 1497 Tne-

304 1522 405 1581 cio
490 1523 680 1581 raetori
712 1521 775 1579 in
805 1518 1040 1579 Bruttiis
1084 1520 1147 1579 &
1189 1517 1427 1600 Apulia.
1675 1535 1684 1540 ·

388 1601 439 1661 L
475 1645 494 1662 .
526 1599 855 1682 Priusquam
874 1602 934 1660 in
972 1600 1304 1681 provincias
1333 1616 1611 1681 praetores
1649 1600 1833 1672 irent,
1918 1616 2086 1667 cem.

302 1701 601 1745 certamen
636 1685 788 1749 inter
824 1680 888 1741 P.
928 1680 1213 1741 Licinium
1254 1679 1596 1761 pontificem
1639 1682 1832 1740 maxi-
1853 1706 1954 1739 men
2007 1689 2084 1738 in-

302 1786 469 1826 mum
500 1762 641 1835 fuit,
670 1763 736 1823 &
770 1761 859 1841 Q.
898 1761 1142 1823 Fabium
1180 1759 1466 1823 Pifiorem
1507 1760 2083 1834 FlaminemferPont·

300 1845 718 1925 Quirinalem,
755 1842 928 1924 quale
968 1854 1208 1922 patrum
1241 1842 1526 1903 memoria
1569 1844 1720 1901 inter
1761 1841 1832 1901 L.
1859 1836 1999 1887 Mu·
2035 1835 2082 1883 θ’

198 1974 205 1981 -
304 1925 615 1987 Metellum
635 1925 701 1984 &
729 1922 1083 1983 Postumium
1116 1920 1397 1983 Albinum
1418 1921 1624 1983 fuerat.
1663 1919 1829 1982 Con·
1853 1908 1929 1958 fl·
1963 1908 2085 1979 Qui·

304 2006 489 2068 sulem
512 2007 675 2066 illum
712 2025 845 2064 cum
884 2001 962 2065 C.
992 2002 1223 2063 Lutatio
1253 2006 1478 2083 collega
1502 2004 1562 2061 in
1582 2001 1832 2061 Siciliam
1850 2000 1876 2032 r
1875 1980 2072 2035 inalem.

305 2088 384 2147 ad
433 2085 659 2147 claffem
703 2083 1202 2166 proficiscentem,
1239 2084 1312 2145 ad
1338 2084 1492 2145 sacra
1523 2086 1835 2145 retinuerat

306 2167 581 2230 Metellus
614 2166 883 2249 pontifex
920 2170 1205 2227 maximus
1247 2172 1609 2248 :⁸praetorem
1643 2167 1833 2243 hunc,

302 2270 382 2311 ne
404 2251 463 2308 in
498 2248 817 2308 Sardiniam
851 2246 1304 2327 proficisceretur
1327 2294 1346 2321 ‚
1378 2247 1444 2308 P.
1468 2245 1714 2307 Licinius
1735 2266 1837 2307 te-

304 2332 451 2392 nuit.
483 2327 555 2389 Et
582 2333 643 2389 in
679 2330 875 2390 senatu
896 2373 919 2399 ‚
946 2332 1008 2391 &
1032 2330 1104 2388 ad
1128 2330 1409 2408 populum
1441 2329 1664 2409 magnis
1689 2350 1837 2388 con-

304 2411 661 2472 tentionibus
691 2430 979 2471 certatum
1008 2410 1090 2469 est
1114 2430 1128 2469 ι
1156 2410 1218 2468 &
1245 2429 1284 2486 7
1320 2412 1560 2487 imperia
1591 2410 1836 2471 inhibita

304 2492 459 2552 ultro
491 2495 751 2570 citroque
774 2536 793 2564 ‚
827 2492 891 2552 δι
914 2492 949 2552 8
982 2494 1227 2570 pignora
1263 2511 1428 2572 capta
1451 2535 1472 2562 ‚
1515 2490 1581 2549 &
1607 2488 1834 2550 maffia

306 2571 471 2633 dietae
492 2616 515 2644 ‚
551 2574 615 2631 δι
650 2574 864 2632 tribuni
898 2572 1212 2654 appellati,
1245 2573 1308 2633 δι
1342 2589 1734 2654 provocatum
1757 2570 1833 2633 ad

379 2736 413 2783 7
449 2718 656 2786 Imperia
680 2720 881 2770 inhibita
902 2720 1030 2773 ultro
1105 2741 1216 2773 men
1238 2722 1499 2787 Quirinalis
1520 2737 1624 2775 erat
1646 2757 1660 2783 ,
1679 2714 1866 2793 atque}
1963 2769 1972 2779 .

302 2788 577 2860 citroque-J
624 2793 841 2844 Praetore
890 2795 1031 2845 nimi·
1104 2796 1218 2847 ideo
1238 2796 1620 2863 jussispontificis
1640 2796 1835 2849 maximi
1881 2787 1888 2795 ’

300 2885 406 2920 rum
444 2905 459 2931 ‚
510 2885 601 2932 pro
644 2868 751 2933 jure
788 2871 1029 2935 praetoriae
1104 2868 1345 2935 subjeetus
1380 2904 1395 2927 ‚
1431 2870 1518 2921 'fibi
1567 2870 1696 2923 dicto
1745 2887 1837 2921 au·
1899 2861 1908 2869 ⁶

300 2943 553 3009 potestatis
574 2975 589 2999 ‚
611 2940 812 3007 jubente
835 2943 1027 3008 pontifi·
1103 2944 1317 2994 dientem
1353 2942 1465 2995 effe.

302 3030 410 3062 cem
430 3014 644 3063 abfistere
663 3015 858 3081 incepto
876 3031 892 3073 ς
910 3033 1026 3080 pon·
1180 3017 1210 3066 8
1253 3016 1465 3083 Pignora
1495 3032 1654 3083 capta.
1680 3014 1704 3081 ]
1755 3016 1833 3067 Ut

301 3084 435 3135 tifice
490 3089 699 3137 maximo
734 3122 749 3146 ‚
801 3100 1029 3155 tanquam
1100 3088 1289 3138 mulstae
1323 3089 1558 3140 solvendae
1581 3088 1832 3150 neceffitas

302 3156 485 3207 summo
521 3159 758 3211 sacrorum
786 3162 991 3212 antistite
1011 3195 1027 3221 ,
1101 3160 1458 3227 injungeretur.
1478 3163 1600 3216 vid.
1623 3160 1732 3217 not.
1753 3161 1832 3229 61,

298 3226 505 3299 jubente
526 3244 813 3301 praetorem,
830 3235 911 3306 qui
925 3236 959 3288 F
963 3238 1029 3288 la·
1100 3236 1164 3288 ad
1181 3237 1218 3291 1.
1240 3235 1316 3291 111
1335 3270 1350 3300 ‚
1371 3251 1420 3286 c.
1447 3236 1538 3299 38.
1798 3251 1806 3259 ·

1443 3300 1586 3388 Xiij
