2300 3859
514 207 954 280 LIIBER
1052 205 1499 278 XXXIII.
1661 227 1786 298 153

258 298 425 362 mille
463 302 865 364 Macedonum
900 301 975 362 eo
1001 301 1264 376 miserat,
1308 304 1371 364 δι
1397 302 1555 364 mille
1577 323 1642 363 ac
1678 303 2044 383 du-U.c.555.·

258 401 469 444 centos
512 382 756 464 Illyrios
799 382 1213 463 Thracasque,
1265 384 1330 444 &
1371 382 1718 457 Cretenses,
1757 381 2068 464 9³¹·Cd972'

260 465 364 541 qui
406 466 467 522 in
507 481 631 524 utra
668 483 749 526 ⁴ue
791 484 955 545 parte
996 467 1356 539 militabant,
1411 465 1798 546 offingentos.

260 541 375 614 His
415 545 597 604 additi
688 547 868 617 oeod,
908 543 1313 626 Thessalique,
1359 547 1421 605 &
1465 544 1802 609 Acarnanes

229 622 473 696 ’milIe,
518 625 719 686 scutati
774 644 1022 699 omnes,
1062 627 1125 688 δι
1162 647 1237 686 ex
1282 626 1534 706 ipsorum
1576 626 1804 689 Corin-

255 705 521 784 thiorum
543 704 846 782 juventute
869 752 886 778 ‚
910 711 989 766 im
1034 707 1156 767 leta
1179 726 1242 767 ut
1267 706 1447 768 effent
1479 707 1575 768 sex
1612 710 1792 770 millia

256 785 617 848 armatorum
634 831 655 862 ,
679 786 949 848 fiduciam
1034 787 1366 849 ndrostheni
1391 787 1653 849 fecerunt
1676 792 1800 850 acie

259 863 643 928 decernendi.
688 867 1037 934 Nicostratus
1080 887 1296 949 praetor
1332 869 1682 930 Achaeorum
1712 867 1806 930 Si-

264 966 475 1028 cyone
508 966 631 1009 erat
646 970 783 1008 cum
811 949 1037 1010 duobus
1060 949 1309 1010 millibus
1335 950 1635 1030 peditum,
1665 971 1808 1012 een-

263 1043 395 1087 tum
432 1030 717 1110 equitibus
738 1029 877 1090 :sed
906 1031 1188 1112 imparem
1229 1031 1284 1091 se
1309 1031 1374 1092 &
1407 1039 1654 1094 nu‘mero
1675 1075 1695 1106 ,
1737 1033 1810 1092 δι

266 1128 489 1190 genere
526 1111 771 1171 militum
818 1131 1057 1172 cernens
1084 1157 1105 1184 ,
1139 1115 1428 1172 moenibus
1469 1134 1590 1174 non
1617 1131 1804 1175 exce-

263 1189 469 1250 debat.
502 1190 707 1273 Regiae
747 1195 935 1272 copiae
1017 1193 1238 1253 editum
1267 1195 1646 1274 equitumque
1688 1215 1806 1254 va·-

262 1292 399 1352 ἐκ,
440 1269 872 1347 Pellenensem,
898 1273 961 1333 &
1028 1273 1282 1334 hliafium
1304 1319 1323 1347 ,
1361 1273 1427 1335 &
1450 1272 1807 1336 Cleonaeum

264 1371 473 1432 agrum
498 1353 1019 1434 depopulabantur.
1046 1353 1348 1415 Postremo
1383 1356 1804 1436 exprobrantes

265 1451 498 1494 metum
533 1433 721 1508 hosti,
763 1436 821 1494 in
864 1432 1011 1496 fines
1048 1433 1463 1516 Sicyoniorum
1505 1435 1810 1497 transcen-

266 1513 495 1574 debant
516 1535 529 1574 :
552 1516 793 1575 navibus
808 1516 983 1576 etiam
1002 1514 1370 1578 circumve&
1381 1536 1620 1578 omnem
1639 1537 1808 1578 oram

267 1593 517 1656 Achaiae
542 1593 856 1656 vastabant.
878 1595 1083 1675 Quum
1104 1597 1168 1657 id
1193 1595 1418 1658 effusius
1441 1595 1671 1670 hostes,
1699 1598 1761 1656 &
1781 1641 1804 1672 ,

267 1693 341 1736 ut
372 1673 438 1736 fit
469 1676 540 1736 ab
581 1678 755 1736 nimia
788 1675 993 1738 fiducia
1017 1721 1035 1752 ‚
1078 1679 1234 1760 negli
1275 1679 1466 1740 entius
1507 1684 1681 1742 esiam
1709 1677 1804 1738 fa-

266 1773 513 1828 cerent,
550 1756 902 1818 Nicostratus
939 1755 1099 1839 spem
1134 1781 1214 1820 na
1305 1781 1331 1820 s
1361 1762 1802 1840 necopinantes

268 1855 383 1898 eos
425 1839 836 1921 aggrediendi,
874 1841 1023 1900 circa
1060 1838 1332 1900 finitimas
1356 1842 1616 1901 civitates
1646 1861 1806 1902 nun-

270 1920 431 1980 cium
456 1919 747 1980 occultum
768 1922 939 1980 mittit
958 1965 977 1995 ,
998 1941 1117 2000 quo
1145 1921 1240 1981 die
1259 1965 1278 1991 ,
1314 1921 1379 1981 &
1397 1939 1544 2001 quot
1568 1941 1640 1980 ex
1659 1943 1812 2002 qua-

268 2018 391 2080 que
428 2002 661 2062 civitate
684 2003 928 2072 armati,
956 2001 1029 2060 ad
1052 2001 1414 2082 Apelaurum
1439 2000 1548 2084 (St
1599 2003 1805 2081 mpha-

266 2080 365 2142 liae
408 2098 575 2142 terrae
609 2084 656 2144 is
693 2082 859 2143 locus
892 2080 1020 2164 est)
1067 2085 1472 2143 convenirent.
1580 2081 1807 2142 mnibus

273 2161 355 2221 ad
389 2161 545 2223 diem
570 2162 818 2223 edistam
850 2165 1091 2243 paratis,
1113 2161 1404 2244 profefilus
1422 2163 1559 2224 inde
1584 2180 1812 2222 extem-

272 2243 381 2322 plo
402 2288 423 2319 ,
459 2263 560 2324 per
579 2242 947 2304 Phliasiorum
980 2243 1161 2319 fineS,
1199 2241 1366 2306 nofle
1401 2241 1658 2304 Cleonas
1681 2290 1700 2316 ,
1722 2245 1812 2304 in-

272 2323 408 2384 sciis
424 2325 692 2386 omnibus
726 2325 861 2405 quid
896 2326 1484 2404 pararet‚per.venit:
1517 2341 1678 2387 erant
1708 2347 1812 2384 au-

277 2421 409 2466 tem
451 2425 582 2466 cum
630 2425 705 2468 eo
753 2407 1009 2488 quinque
1054 2408 1232 2472 millia
1279 2405 1542 2487 peditum
1582 2450 1603 2482 ,
1658 2426 1684 2466 1
1735 2425 1814 2468 ex

352 2584 387 2636 9
424 2570 525 2644 Qui
553 2572 603 2622 ἐπ
632 2587 828 2639 utraque
866 2587 1040 2639 parte,
1080 2568 1310 2634 jesturam
1343 2570 1708 2638 ampleffimur‚
1727 2570 1814 2637 qui

272 2643 615 2711 militabant.]
648 2647 771 2695 Nam
792 2644 1009 2695 Creten-
1080 2661 1214 2695 tatus
1255 2644 1412 2694 deesse
1443 2644 1522 2694 hic
1559 2661 1812 2702 numerum

278 2718 355 2769 ses
388 2717 441 2768 &
459 2717 687 2768 Romanis
712 2717 762 2769 δι
783 2717 1015 2784 Philippo.
1083 2719 1204 2768 levis
1235 2731 1488 2770 armaturae
1513 2755 1529 2780 ,
1561 2731 1724 2772 cetera
1747 2717 1812 2768 fic

276 2791 567 2842 militabant.
585 2791 697 2842 Hoc
714 2791 829 2841 ideo
848 2792 1010 2843 obser·
1082 2791 1276 2860 refingit
1299 2809 1313 2842 ε
1340 2793 1496 2841 Erant
1519 2808 1672 2842 autem
1711 2809 1816 2842 cunt

276 2877 457 2925 vatur,
499 2865 607 2932 quia
650 2865 835 2916 mentio
874 2865 1013 2930 supra
1086 2883 1142 2915 eo
1176 2871 1370 2932 quinque
1400 2864 1558 2914 millict
1577 2899 1596 2921 ,
1628 2881 1686 2915 ex
1715 2869 1822 2932 qui·

278 2937 407 2989 safra
426 2938 517 2988 fuit
536 2938 837 2992 Cretensium
857 2938 1013 3003 Quin·
1085 2938 1207 2990 bus..
1227 2953 1469 2988 armatur-z
1489 2938 1608 2988 levis
1624 2973 1639 2994 ,
1659 2938 1703 2986 60
1723 2952 1816 2994 tte·

278 3012 359 3064 tio
380 3011 736 3074 adjunfbrum.
763 3050 772 3058 .
826 3017 849 3028 ⁸
1086 3012 1213 3062 cenn‘
1225 3012 1415 3078 equitet.
1436 3014 1546 3061 Cum
1561 3011 1618 3061 iis
1633 3011 1783 3077 copiis
1799 3043 1818 3071 ,

368 3100 387 3134 ι
431 3085 514 3136 Es
562 3085 725 3153 quibus
769 3099 1015 3136 armatura
1085 3085 1274 3153 dimzffis
1309 3089 1386 3150 qui
1417 3081 1775 3150 specularemur
1797 3115 1818 3140 ,

278 3158 408 3210 Ievis
429 3192 448 3217 ‚
492 3159 538 3209 6·
557 3164 755 3210 trecenti
775 3159 969 3225 equites.
991 3159 1015 3225 ]
1090 3176 1225 3226 quam
1241 3158 1289 3206 in
1307 3172 1490 3225 partem
1505 3157 1652 3218 hostes
1669 3153 1820 3220 effim-

278 3231 621 3288 Feliciffimam
637 3232 881 3289 Perizonii
899 3249 1020 3288 eon·
1092 3233 1258 3284 darent
1275 3225 1376 3300 sese
1399 3261 1414 3286 ,
1435 3228 1783 3300 opperiebatur.

1329 3297 1458 3363 Gv
