2300 3859
514 237 607 311 34
849 216 920 291 T
965 236 995 289 1
1043 238 1096 290 τ
1145 236 1175 289 1
1276 216 1341 291 L
1392 236 1421 289 1
1476 232 1534 288 v
1581 232 1613 291 1
1666 237 1698 290 1

263 315 621 397 U.c.552.d0⁵
664 313 983 376 maritimos
1031 336 1201 397 agros
1246 333 1616 397 comparatae.
1642 316 1771 378 Hac
1808 317 1971 382 claffe
2005 314 2057 385 st

265 396 491 451 ihc-200·
509 396 645 457 urbs
684 399 919 479 agrique
950 394 1390 457 Atheniensium
1427 398 1883 461 defenderentur
1908 446 1928 476 ‚
1961 402 2051 461 sa-

507 480 580 539 tis
619 478 678 538 in
723 476 1020 559 praesentia
1061 476 1404 539 existimanti
1440 478 1693 541 Claudio
1735 478 1894 558 effe,
1922 500 2053 544 ma-

509 555 652 640 joris
697 561 876 619 etiam
915 561 996 619 rei
1033 556 1265 620 fortuna
1304 560 1503 621 oblata
1530 559 1631 622 est.

301 647 495 706 'chalci-
592 638 816 700 xxm.
850 636 1086 701 Exsules
1129 642 1205 701 ab
1239 639 1522 704 Chalcide
1556 645 1854 725 regiorum
1892 642 2049 724 inju-

257 720 368 777 'dem
409 747 494 781 oc·
508 720 602 781 riis
642 720 785 804 pulfi
830 721 1143 783 attulerunt
1172 768 1190 796 ,
1229 726 1505 804 occupari
1544 722 1889 787 Chalcidem
1923 724 2051 789 fine

259 817 439 868 “Fut
509 807 825 866 certamine
853 804 976 865 ullo
1002 802 1165 885 poffe
1190 826 1203 863 :
1231 825 1366 865 nam
1398 806 1463 865 &
1484 805 1843 867 Macedonas
1862 851 1883 882 ,
1907 811 2049 889 quia

223 872 488 951 ikssm‘ml'·
503 886 695 947 nullus
723 889 782 947 in
819 886 1149 967 propinquo
1192 885 1259 947 fit
1290 886 1537 947 hostium
1576 905 1764 948 metus
1789 933 1807 962 ,
1842 890 2047 971 vagari

213 960 234 975 ²
499 965 708 1049 paffim
744 1012 765 1042 ,
814 968 880 1026 &
935 967 1267 1061 oppidanos
1320 967 1583 1050 praefidio
1636 968 2043 1031 Macedonum

499 1050 728 1122 fretos„
769 1042 1086 1108 custodiam
1127 1048 1284 1108 urbis
1326 1050 1645 1133 negligere.
1687 1050 1798 1110 His
1838 1050 2041 1114 auclo-

493 1131 654 1191 ribus
687 1127 976 1210 profecius
1005 1173 1024 1202 ‚
1057 1148 1388 1211 quanquam
1420 1128 1662 1190 Sunium
1694 1132 1772 1192 ita
1808 1132 2035 1195 mature

494 1226 848 1295 pervenerat
872 1254 893 1284 ‚
929 1226 991 1271 ut
1031 1210 1171 1271 inde
1210 1210 1463 1292 provehi
1496 1210 1533 1272 8
1572 1212 1645 1272 ad
1686 1214 1897 1293 primas
1932 1234 2045 1275 an·

495 1291 706 1378 gustias
728 1287 972 1352 Euboeae
1002 1289 1229 1373 poffet3
1264 1311 1339 1353 ne
1370 1292 1642 1374 superato
1682 1312 2045 1375 promonto-

493 1376 583 1435 rio
621 1372 1049 1454 conspiceretur
1073 1419 1090 1446 ,
1117 1371 1345 1435 classem
1382 1377 1442 1433 in
1472 1373 1719 1436 statione
1750 1375 1926 1458 usque
1960 1378 2045 1439 ad

263 1438 320 1489 ‘'⁸-
397 1482 402 1485 ·
491 1453 725 1516 nociem*
762 1456 973 1515 tenuit.
998 1452 1203 1528 Primis
1230 1454 1485 1515 tenebris
1522 1458 1711 1516 movit
1739 1478 1754 1515 ε
1786 1456 1851 1517 δι
1874 1474 2043 1518 tran-¹

491 1536 674 1616 quillo
729 1534 1031 1617 pervestus
1075 1532 1427 1596 Chalcidem
1461 1581 1480 1609 ‚
1520 1538 1699 1615 paulo
1754 1553 1886 1597 ant-e
1938 1539 2033 1599 lu-

489 1636 624 1677 cem
649 1662 667 1691 ‚
705 1618 818 1698 qua
860 1614 1371 1697 infrequentiffima
1412 1617 1567 1677 urbis
1608 1617 1733 1677 sunt
1766 1663 1786 1693 ,
1828 1622 2031 1699 paucis

488 1698 767 1760 militibus
827 1698 1026 1759 turrim
1127 1699 1415 1759 mximam
1470 1718 1818 1781 murumque
1874 1700 2031 1762 circa

485 1778 648 1840 scalis
675 1781 828 1859 cepit
851 1824 871 1854 ,
905 1778 1040 1839 alibi
1069 1720 1270 1859 Kipitis
1308 1778 1634 1841 custodibus
1655 1826 1672 1855 ,
1696 1781 1834 1841 alibi
1864 1782 2033 1843 nullo

485 1860 847 1923 custodiente
875 1880 891 1920 ε
920 1858 1200 1943 progressi
1238 1862 1377 1922 inde
1419 1863 1493 1922 ad
1534 1860 1860 1944 frequentia
1890 1863 2033 1923 aedi·

483 1939 632 2004 ficiis
676 1944 808 2005 loca
837 1988 855 2017 ,
892 1940 1223 2003 custodibus»
1262 1942 1617 2020 interfeffis3
1661 1943 2031 2032 refgafliique

483 2025 660 2105 porta
696 2071 715 2099 ‚
760 2043 1015 2084 ceteram
1055 2024 1484 2086 multitudinem
1527 2042 1881 2087 armatorum
1918 2046 2027 2084 ac·-

481 2124 782 2187 ceperunt.
821 2104 966 2167 Inde
1000 2108 1058 2164 in
1097 2119 1284 2166 totam
1320 2110 1525 2177 urbem
1556 2106 1861 2167 discursum
1898 2104 1982 2166 est
2003 2124 2026 2167 t

481 2186 650 2249 auao
697 2189 874 2247 etiam
911 2186 1161 2246 tumultu
1198 2230 1217 2258 ‚
1255 2187 1414 2265 qubd
1450 2188 1599 2246 circa
1638 2186 1831 2247 forum
1868 2188 2019 2269 ignis

477 2266 641 2329 testis
698 2264 937 2349 injecius
993 2282 1135 2327 erat.
1192 2263 1641 2349 Conflagrarunt
1686 2268 1751 2329 &
1805 2267 2019 2331 horrea

477 2350 640 2431 regia
674 2395 693 2423 ‚
741 2350 806 2409 &
851 2345 1360 2408 armamentarium
1400 2368 1532 2408 cum
1577 2350 1801 2431 ingenti
1837 2366 2025 2432 appa·

457 2449 606 2492 ·ratu
648 2430 1042 2490 machinarum
1079 2444 1651 2514 tormentorumque.
1682 2429 1894 2493 Caedes
1924 2433 2023 2493 in·-

476 2512 553 2573 de'
595 2510 796 2593 paffim
833 2504 1180 2593 fngientium
1212 2512 1428 2594 pariter
1463 2523 1531 2573 ac
1570 2515 2025 2597 repugnantium

473 2592 602 2654 fieri
647 2614 737 2654 coe
781 2611 851 2667 ta,
881 2590 963 2652 est
1006 2613 1023 2652 ε
1067 2612 1177 2655 nec
1221 2593 1344 2655 ullo
1386 2592 1507 2673 jam
1542 2638 1562 2667 ‚
1613 2598 1716 2675 qui
1754 2596 2027 2656 militaria

472 2674 658 2734 aetatis
694 2695 726 2735 e
775 2691 834 2735 et
861 2670 892 2747 ,⁸
911 2693 1035 2734 non
1069 2689 1168 2734 aut
1200 2672 1347 2734 caeso
1367 2720 1386 2748 ,
1413 2692 1512 2733 aut
1546 2673 1749 2757 fugato
1775 2720 1795 2748 ,
1822 2672 2023 2756 Sopa-

468 2773 562 2817 tro
617 2757 792 2817 etiam
842 2754 1154 2816 Acarnane
1206 2753 1481 2836 praefeflo
1537 2755 1787 2835 praefidii
1831 2758 2017 2817 inter-

470 2834 627 2902 feflo
652 2882 672 2910 ,
714 2836 909 2917 praeda
949 2838 1139 2895 omnis
1178 2836 1371 2917 primo
1410 2838 1470 2895 in
1506 2834 1704 2897 forum
1752 2837 1962 2897 collata
1989 2882 2017 2913 ,

471 2917 689 2984 deinde
747 2919 811 2977 in
856 2936 1036 2980 naves
1085 2915 1407 2999 impofita:
1461 2937 1656 2981 carcer
1708 2921 1881 2980 etiam
1934 2920 2015 2979 ab

465 3054 526 3087 ne
547 3033 665 3105 fone
691 3035 833 3105 point
867 3033 1070 3105 pontis..
1272 3034 1431 3083 boeam
1455 3066 1470 3092 ,
1494 3030 1589 3083 five
1614 3030 1675 3083 ad
1702 3032 1849 3099 prima
1872 3032 2011 3084 initia

544 3111 576 3162 8
618 3111 704 3161 Aa
746 3110 922 3179 primas
967 3106 1203 3179 angustias
1274 3104 1441 3173 Euripi
1474 3105 1589 3157 freti
1609 3138 1626 3166 ,
1654 3119 1751 3172 quo
1770 3105 1954 3160 Euboea
1977 3124 2013 3159 ι

468 3184 700 3255 Euboeae.]
719 3185 795 3235 Ad
813 3201 922 3235 eum
939 3182 1099 3235 locum
1117 3181 1203 3232 ubi
1276 3182 1564 3239 continente
1598 3179 1854 3235 dividstut-

466 3276 597 3313 mure
619 3259 791 3313 aretari
818 3257 986 3329 incipit
1017 3256 1078 3310 ad
1098 3254 1205 3309 Eu·
1284 3264 1290 3271 '
