2300 3859
558 210 620 293 Ε
666 237 695 289 1
747 214 801 288 ι’
846 235 891 289 E
941 235 1023 313 ns
1092 214 1479 291 XXXV.
1653 218 1802 316 '29'1‘

258 324 404 381 mres
438 338 509 377 ex
531 318 840 399 provinciis
862 314 1160 396 scriberent
1181 360 1202 390 ,
1239 336 1341 377 aut
1379 316 1549 399 legati
1586 340 1796 380 renuti·
1811 317 2045 401 0359}

261 402 469 460 ciat-ene
489 443 513 470 ,
542 398 687 459 nihil
727 416 902 458 ratum
944 398 1130 460 haberi
1170 397 1376 457 debere.
1427 400 1498 459 Si
1529 400 1798 460 tumultus
1811 404 2046 470 a.C.193·

260 480 323 540 ἰπ
358 479 639 561 Hispania
680 476 799 559 effu
820 514 848 551 -‚
876 479 1095 556 placere
1116 522 1137 553 ‚
1170 479 1558 539 tumultuarios
1595 482 1800 541 milites

263 580 420 620 extra
444 559 867 699 Italiaml-(cribi
904 580 941 619 a
968 578 1216 641 pretore.
1247 558 1427 619 Mens
1462 580 1533 624 ea
1571 558 1802 623 senatfis

260 638 413 715 fuit,
441 660 505 702 ut
552 644 614 701 in
717 639 932 725 ispania
970 638 1325 700 tumultuarii
1373 641 1585 701 milites
1625 642 1804 725 lege·-

262 739 481 783 πεπτω.
507 721 780 783 Valerius
807 720 1011 783 Antias
1044 720 1107 781 &
1138 720 1202 781 in
1228 718 1481 781 Siciliam
1511 722 1804 805 navigasse
1903 780 1911 785 .

262 802 523 866 delefflis
552 802 725 863 causa
762 801 840 865 C.
877 801 1225 864 Flaminium
1262 800 1492 863 scribit:
1518 804 1583 863 δι
1615 824 1690 864 ex
1711 802 1808 865 Si·-
1875 870 1902 885 ..
1953 813 1962 821 “

263 886 399 945 eilia
423 883 760 965 Hispaniam
798 901 1106 966 petentem
1128 928 1149 959 ‚
1177 881 1522 965 tempestate
1549 885 1610 943 in
1642 882 1809 946 Afria
1927 896 1936 903 ·
2035 894 2042 901 “

265 977 396 1026 'cam
414 966 715 1041 delatum,
730 986 918 1049 vagos
944 965 1159 1027 milites
1179 965 1256 1026 de
1279 966 1534 1029 exercitu
1559 962 1624 1026 P.
1645 965 1812 1027 Afri-d

264 1050 399 1107 tani
438 1047 795 1111 sacramento
830 1045 1049 1131 rogasse
1092 1067 1108 1105 ε
1148 1048 1238 1119 his
1281 1046 1523 1107 duarum
1603 1049 1810 1109 tevins·
1904 1080 1908 1085 ·

266 1130 485 1191 ciarum
505 1126 856 1202 deleflibuS,
872 1131 1107 1189 tertium
1129 1129 1189 1187 in
1210 1126 1488 1209 Hispania
1512 1150 1542 1188 a
1586 1125 1802 1207 jecisse.

343 1208 452 1271 ΠΙ.
498 1209 633 1271 Nec
682 1212 745 1269 in
795 1208 960 1270 Italia
1008 1208 1232 1292 segnihs
1266 1206 1544 1293 Ligurum
1582 1209 1803 1271 belluni
1849 1217 1948 1271 Res
1963 1214 2052 1285 123,-

264 1290 583 1353 erescebat.
623 1289 775 1351 Pisas
812 1288 933 1370 jam
980 1289 1356 1373 quadraginta
1390 1290 1641 1353 millibus
1690 1292 1976 1366 ho-gun'ae·

266 1374 491 1434 minum
516 1417 539 1447 ‚
570 1370 841 1433 affluente
880 1372 1144 1454 quotidie
1190 1372 1556 1434 multitudine
1600 1372 1676 1435 ad
1715 1372 1806 1437 fa·

268 1470 429 1515 mam
475 1454 615 1515 belli
660 1454 821 1535 spem
905 1474 938 1515 e
975 1452 1188 1535 praedae
1220 1498 1242 1530 ‚
1288 1452 1811 1519 circumsedebant:

268 1533 563 1596 Minucius
590 1534 788 1596 consul
880 1538 1119 1596 tretium
1146 1579 1168 1610 ,
1207 1536 1302 1599 die
1338 1554 1516 1618 quem
1546 1537 1809 1600 edixerat

176 1682 185 1691 ‚
262 1616 348 1676 ad
380 1617 853 1683 conveniendum
892 1616 1213 1688 militibuS‚
1247 1619 1411 1678 venit
1437 1636 1457 1694 3
1483 1618 1622 1679 inde
1657 1639 1814 1700 'qua-

269 1697 441 1761 drato
479 1702 711 1780 agmine
745 1698 818 1759 ad
850 1696 1001 1759 Pisas
1045 1698 1244 1757 duxit:
1274 1698 1341 1759 δι
1384 1720 1564 1781 quum
1607 1698 1807 1760 hostes

268 1796 397 1842 non
454 1780 585 1863 plus
639 1777 898 1862 passuum
933 1777 1410 1842 tribus‘millibus
1461 1780 1534 1839 ab
1575 1780 1808 1861 oppido

268 1876 429 1921 trans
460 1862 707 1923 fluvium
741 1858 1053 1922 moviss'ent
1088 1857 1310 1936 castra,
1335 1859 1538 1920 consul
1561 1862 1806 1936 urbem,

266 1941 429 2002 haud
456 1942 629 2013 dubie
668 1942 950 2003 servatam
994 1940 1252 2002 adventu
1291 1939 1433 2014 suo,
1467 1940 1549 2001 est
1587 1940 1810 2023 ingres-

270 2021 384 2085 sus.
425 2022 667 2085 Postero
714 2023 809 2083 die
856 2024 921 2083 δι
966 2019 1085 2103 ipse
1125 2040 1281 2082 trans
1329 2020 1570 2102 fluvium
1616 2022 1804 2085 ferme
1876 2034 2052 2088 Minna

270 2106 434 2167 ‘mille
468 2102 655 2187 passus
692 2103 766 2164 ab
798 2102 961 2165 hoste
992 2102 1185 2185 posuit
1217 2099 1393 2165 castra
1423 2122 1444 2178 ;
1484 2103 1622 2165 inde
1653 2104 1803 2166 levi·
1817 2110 1914 2161 cias
1934 2106 2046 2172 Cos.

269 2185 382 2247 bus
418 2186 628 2267 praeliis
675 2208 709 2245 a
752 2186 1233 2265 populationibus
1273 2204 1473 2267 agrum
1515 2184 1867 2271 sociorumitf
1905 2182 2055 2253 1.ng

272 2268 567 2329 tutabatur
586 2286 609 2341 ;
642 2268 703 2328 in
739 2268 925 2333 aciem
966 2268 1124 2329 exire
1157 2285 1282 2327 non
1315 2266 1567 2329 audebat
1587 2313 1606 2343 ,
1643 2275 1917 2331 novom·

272 2348 459 2411 milite
484 2393 503 2423 ‚
546 2348 612 2409 &
650 2368 725 2409 ex
759 2347 951 2409 multis
986 2347 1294 2429 generibus
1332 2347 1638 2409 hominum
1676 2350 1811 2411 col*

272 2428 427 2490 lekio
453 2474 473 2504 ‚
512 2446 539 2510 5
577 2429 827 2503 necdum
862 2446 1009 2491 noto
1046 2427 1176 2489 satis
1211 2432 1360 2489 inter
1391 2428 1448 2489 se
1473 2473 1492 2505 ,
1518 2447 1582 2490 ut
1621 2426 1811 2505 fidere

214 2552 220 2558 -
276 2508 377 2570 alii
414 2512 534 2570 aliis
578 2508 831 2593 possent.
875 2509 1116 2593 Ligures
1156 2510 1523 2571 multitudine
1567 2509 1698 2577 freti
1743 2511 1809 2575 3:

274 2589 338 2652 in
387 2594 569 2654 aciem
626 2591 860 2653 exibant
902 2635 922 2664 ,
974 2591 1157 2672 parati
1205 2590 1280 2651 de
1339 2590 1562 2652 summa
1611 2612 1812 2659 rerum

272 2670 595 2737 decernere
637 2692 657 2746 ;
716 2672 782 2733 δε
837 2672 1200 2734 abundantes
1254 2672 1503 2733 militum
1559 2690 1812 2736 numero

274 2752 483 2843 paffim
533 2754 742 2815 multas
794 2773 997 2813 manus
1035 2774 1139 2837 per
1197 2771 1457 2816 extrema
1495 2752 1695 2817 finium
1734 2754 1812 2817 ad

273 2835 655 2916 praedandum
700 2832 1047 2897 emittebant
1091 2842 1200 2897 z&
1293 2855 1428 2897 uum
1476 2836 1670 2900 coast&
1696 2839 1806 2897 'vis

272 2934 488 2999 magna
516 2936 796 2998 pecorum
827 2916 1154 3001 praedaeque
1193 2934 1228 2981 e
1274 2935 1376 2990 et,
1400 2936 1662 2999 paratum
1687 2932 1814 2980 erat
1903 2924 1906 2927 ’

354 3028 614 3091 §Necdum
628 3024 1017 3097 notosatisineer
1084 3028 1135 3080 id
1169 3028 1235 3079 est
1257 3062 1272 3088 ‚
1294 3044 1461 3095 patum
1497 3028 1656 3078 adhuc
1691 3035 1818 3077 noto

272 3096 332 3170 se
358 3132 375 3155 ‚
398 3116 449 3149 ue
479 3101 632 3169 fidere
665 3101 754 3154 alii
776 3102 886 3150 aliis
903 3098 1013 3167 pos·
1088 3102 1216 3155 inter
1245 3098 1301 3168 se
1323 3135 1338 3160 ,
1367 3101 1433 3156 ita
1465 3114 1518 3149 ut
1549 3100 1632 3151 w'x
1660 3100 1820 3171 fidem

183 3205 191 3210 -
270 3170 601 3241 J'ene.]Magis
619 3174 1015 3239 placetetmtvix
1089 3176 1182 3228 atii·
1213 3174 1325 3235 aliis
1353 3171 1560 3245 posteat.

264 3246 451 3323 fidere.
475 3246 690 3301 Necdum
711 3262 827 3302 noto
848 3244 1017 3324 sertis-‘3
1087 3252 1096 3259 ”
1195 3279 1210 3287 ·
1797 3254 1827 3317 Ἀ

1444 3261 1613 3407 Nijv
1815 3359 1828 3400 ,.
