2300 3859
558 234 704 313 450
900 214 967 290 T
1018 237 1049 303 ι,
1094 238 1145 289 τ
1197 236 1224 287 1
1327 212 1386 288 L
1437 230 1467 287 1
1523 234 1580 288 v
1632 240 1665 290 1
1718 234 1748 289 1

307 326 539 395 U.c.562.
561 313 871 376 reficerent
910 318 1107 390 vires,
1155 314 1588 395 contemplatus
1639 314 1938 377 Eudamus
1975 318 2100 380 ho&

304 396 537 462 8·C·190·
562 395 672 456 stes
714 396 944 457 claudas
987 396 1330 478 mutilasque
1363 409 1546 456 naves
1583 400 1799 477 apertis
1849 404 2099 463 navibus

548 477 821 537 remulco
850 466 1147 539 trahentes
1169 522 1190 551 ‚
1226 479 1432 560 viginti
1459 479 1632 557 paulo
1669 480 1918 560 amplius
1947 485 2102 543 inte·

558 564 691 641 gras
722 555 1101 620 abscedentes
1121 604 1144 630 ,
1187 580 1222 619 e
1260 560 1403 621 turri
1425 562 1710 640 praetoriae
1730 564 1894 623 navis
1925 561 2100 623 filen·

548 642 649 702 'tio
687 638 843 701 fafio
864 685 883 714 ‚
920 630 1221 723 ‘Exsurgite
1241 685 1260 713 ‚
1309 643 1495 723 inquit
1521 685 1540 714 ‚
1588 643 1648 701 6·
1682 644 1944 726 egregium
1964 646 2104 725 spe·-

544 718 826 783 ‘Haculum
860 723 1103 817 capeffite
1130 723 1350 783 oculis!
1387 720 1822 785 Consum-exere
1847 744 2062 786 omnes
2081 772 2100 802 ‚

558 803 1061 885 contemplatique
1114 804 1568 885 trepidationem
1606 803 1922 888 fugamque
1973 808 2102 867 hos-

553 883 727 945 stium
753 929 772 959 ,
809 895 997 966 prope
1038 885 1155 945 unii
1194 905 1347 945 voce
1389 885 1796 947 exclamavere
1839 896 2051 949 omnes
2081 936 2102 964 ‚

557 984 626 1026 ut
686 965 1075 1046 sequerentur.
1125 964 1306 1047 Ipsius
1361 963 1606 1026 Eudami
1653 968 1852 1030 multis
1894 968 2105 1031 iffibus

557 1046 876 1109 vulnerata*
902 1050 1069 1107 navis
1105 1065 1252 1109 erat.
1307 1046 1727 1128 Pamphilidam
1767 1050 1835 1110 δι
1881 1044 2103 1111 Chari-

550 1129 763 1187 clitum
799 1126 1064 1210 insequi,
1108 1127 1306 1209 quoad
1342 1144 1612 1211 putarent
1649 1146 1882 1204 tutum,
1923 1127 2104 1211 jussit.

548 1208 937 1290 ‘Aliquamdiu
981 1209 1155 1270 secuti
1189 1210 1313 1270 sunt
1342 1232 1357 1270 ε
1389 1210 1765 1292 posteaquam
1797 1230 1964 1273 terrae
1989 1234 2105 1295 ap-

552 1291 986 1373 propinquabat
1016 1292 1312 1366 Annibal,
1347 1294 1518 1353 veriti
1557 1312 1634 1353 ne
1661 1293 2100 1355 includerentur

556 1390 745 1433 vento
786 1376 845 1432 in
881 1371 1130 1434 hostium
1182 1396 1286 1435 ora
1306 1418 1328 1445 ,
1365 1374 1440 1434 ad
1480 1371 1808 1435 Eudamum
1843 1374 2060 1436 revefili
2079 1420 2103 1449 ,

566 1471 595 1533 ς
642 1449 1216 1535 hepterem-captam
1241 1499 1260 1528 ‚
1299 1476 1428 1537 quae
1463 1458 1657 1535 primo
1683 1456 1958 1517 concursu
1987 1457 2103 1519 {aa

556 1552 714 1610 erat,
741 1555 897 1617 aegre
918 1534 1277 1597 Phaselidem
1315 1554 1752 1617 pertraxerunt3
1776 1538 1910 1599 inde
1931 1536 2105 1599 Rho-

554 1614 702 1675 'dum
726 1659 747 1688 ‚
781 1636 903 1676 non
935 1634 1055 1676 tam
1078 1617 1325 1679 vietoria
1360 1618 1474 1677 lae-ti
1494 1662 1515 1691 ‚
1549 1618 1728 1699 quam
1757 1619 1900 1679 alius
1919 1620 2102 1681 alium

550 1694 885 1757 accusantes
908 1740 929 1771 ‚
978 1697 1356 1780 quodquam
1426 1694 1673 1760 ‘otuiss'et
1696 1744 1716 1772 ‚
1756 1720 1878 1761 non
1905 1703 2101 1761 omnis

557 1775 870 1842 summersa
893 1822 912 1852 ‚
950 1796 1046 1839 aut
1082 1799 1254 1861 capta
1285 1718 1467 1841 claAEs
1499 1779 1748 1842 hostium
1777 1780 1934 1841 foret
1956 1825 1977 1856 ,
2009 1794 2105 1843 re'-

560 1859 813 1921 dierunt.
864 1860 903 1921 6
940 1860 1198 1921 Annibal
1236 1859 1376 1923 ἱᾶιιε
1415 1881 1533 1922 uno
1573 1862 1776 1943 praelio
1817 1862 2108 1939 adverso,

564 1960 645 2003 ne
693 1958 818 2003 tum
860 1942 1096 2033 quidem
1126 1943 1472 2025 praetervehi
1508 1942 1754 2026 Lyciam
1800 1944 2056 2005 audebat
2084 1990 2106 2018 ,

566 2040 752 2105 quum
778 2026 1055 2106 conjungi
1080 2026 1268 2085 veteri
1295 2026 1466 2107 regiae
1494 2023 1646 2085 claffi
1669 2027 2102 2107 quamprimum

564 2120 828 2184 cuperet.
846 2102 918 2165 Et
945 2106 1007 2165 id
1040 2126 1117 2167 ne
1145 2110 1201 2167 ei
1237 2105 1431 2167 facere
1455 2105 1698 2167 liberum
1723 2104 1903 2181 esset,
1929 2106 2102 2168 Rho·

568 2185 651 2245 dii
673 2184 1054 2247 Chariclitum
1082 2208 1216 2255 cum
1247 2188 1455 2269 viginti
1475 2189 1719 2248 navibus
1751 2187 2002 2249 rostratis
2027 2188 2106 2249 ad

563 2264 769 2327 Patara
817 2265 880 2326 &
921 2266 1215 2349 Megisten
1277 2288 1512 2352 portum
1573 2268 1864 2330 miserunt.
1901 2266 2108 2329 Euda-

546 2373 555 2381 ’
646 2386 672 2434 5
697 2369 1010 2439 Hepterem...
1032 2390 1129 2438 quae
1143 2372 1296 2437 primo
1373 2385 1454 2438 pta
1478 2371 1662 2423 animos
1683 2370 1910 2421 Annibali
1935 2372 2108 2423 facere

566 2442 794 2511 concursu
836 2446 927 2517 ι’ᾇα
967 2445 1141 2513 etat-J
1197 2447 1300 2496 vel

566 2519 708 2568 aliam
742 2520 997 2585 hepterem
1035 2520 1256 2587 intellige
1278 2553 1295 2579 ,

564 2608 711 2657 quam
736 2609 844 2657 quae
866 2593 1006 2644 initio
1031 2594 1184 2659 praelii
1210 2595 1298 2643 de-

562 2664 718 2714 mersa
750 2664 928 2716 dicitur
961 2684 977 2719 t
1012 2668 1091 2717 vel
1128 2668 1177 2715 in
1211 2666 1298 2717 illo

564 2737 731 2802 priore
774 2740 889 2789 loco
932 2737 1138 2806 demersa
1181 2742 1300 2791 nihil

566 2810 697 2859 aliud
720 2811 812 2861 erit
832 2845 848 2870 ‚
881 2816 1023 2877 quarn
1044 2814 1107 2863 ita
1128 2816 1298 2879 perfo-

564 2896 671 2933 rata
694 2912 711 2941 2
732 2897 787 2935 ut
808 2902 978 2952 aquam
1004 2888 1258 2955 acciperet
1276 2922 1296 2946 ‚

568 2956 621 3010 δε
644 2959 835 3024 paulum
858 2959 1053 3013 fideret.

639 3032 673 3082 6
700 3033 946 3085 Annibal.
971 3071 985 3086 .
1013 3070 1029 3087 .
1051 3070 1067 3086 .
1106 3052 1166 3085 ne
1202 3050 1298 3086 tum

564 3106 750 3174 quidem
789 3107 1066 3175 piaret-vehi
1103 3108 1301 3175 Lyciam

569 3179 790 3231 audebat.
825 3182 848 3247 J
897 3182 1011 3232 Hoc
1045 3183 1300 3232 absurdum

568 3252 639 3307 est
661 3270 677 3307 ε
700 3254 825 3323 quasi
840 3255 960 3309 veto
976 3256 1137 3311 clades
1150 3270 1300 3307 acce·
1313 3234 1330 3249 ⁶

1373 2445 1610 2496 debuisset
1663 2446 1725 2495 ad
1774 2445 2108 2512 peragendum

1373 2520 1641 2586 inceptum.
1672 2518 1868 2570 Vitium
1891 2518 2109 2571 relidere

1373 2593 1568 2643 videtur
1605 2594 1655 2643 in
1689 2594 1844 2643 verbo
1879 2592 2106 2644 audebat.

1373 2666 1470 2716 Sed
1499 2665 1600 2717 fine
1638 2666 1768 2717 libris
1802 2667 1920 2716 nihil
1953 2672 2146 2731 conas

1373 2756 1498 2791 mur.
1513 2740 1656 2791 Hanc
1677 2738 1810 2791 fuifl'e
1833 2740 1953 2789 Livii
1972 2757 2108 2791 men·

1373 2826 1475 2865 tem
1498 2816 1782 2865 arbitramur
1798 2846 1817 2871 .
1839 2828 1892 2863 ut
1919 2815 2108 2865 diceret

1374 2888 1661 2939 Annibalem
1682 2920 1700 2950 ,
1726 2888 1944 2954 quamvis
1977 2903 2108 2954 prae-

1371 2962 1440 3012 lio
1471 2960 1673 3012 adverso
1701 2961 1877 3019 issam,
1907 2978 1970 3011 ne
2001 2975 2106 3011 tam

1371 3031 1674 3102 improspero
1700 3036 1892 3100 quidem
1917 3035 2107 3085 succes·

1373 3108 1424 3159 su
1447 3109 1733 3159 deterritum
1765 3108 1862 3158 effe
1885 3140 1901 3165 ‚
1921 3108 2112 3174 quomi-

1371 3198 1464 3233 nus
1502 3181 1702 3250 Lyciam
1731 3182 2026 3245 pratel-vehi
2055 3182 2111 3232 in

1372 3256 1536 3311 animo
1564 3256 1787 3311 baberet.
1839 3254 1866 3277 “
