<?xml version="1.0" encoding="UTF-8"?>
<!DOCTYPE html PUBLIC "-//W3C//DTD XHTML 1.0 Transitional//EN"
    "http://www.w3.org/TR/xhtml1/DTD/xhtml1-transitional.dtd">
<html xmlns="http://www.w3.org/1999/xhtml" xml:lang="en" lang="en">
 <head>
  <title>
</title>
<meta http-equiv="Content-Type" content="text/html;charset=utf-8" />
  <meta name='ocr-system' content='tesseract 3.04.00' />
  <meta name='ocr-capabilities' content='ocr_page ocr_carea ocr_par ocr_line ocrx_word'/>
</head>
<body>
  <div class='ocr_page' id='page_1' title='image "./tliviihistoriar03unkngoog_0262.png"; bbox 0 0 2300 3859; ppageno 0'>
   <div class='ocr_carea' id='block_1_1' title="bbox 574 214 1838 321">
    <p class='ocr_par' dir='ltr' id='par_1_1' title="bbox 574 214 1838 321">
     <span class='ocr_line' id='line_1_1' title="bbox 574 214 1838 321; baseline 0.002 -32"><span class='ocrx_word' id='word_1_1' title='bbox 574 216 632 289; x_wconf 88' lang='lat' dir='ltr'>L</span> <span class='ocrx_word' id='word_1_2' title='bbox 682 237 711 288; x_wconf 87' lang='lat'>1</span> <span class='ocrx_word' id='word_1_3' title='bbox 762 235 807 287; x_wconf 80' lang='grc' dir='ltr'><strong><em>Β</em></strong></span> <span class='ocrx_word' id='word_1_4' title='bbox 860 235 903 288; x_wconf 78' lang='grc' dir='ltr'>ε</span> <span class='ocrx_word' id='word_1_5' title='bbox 953 237 1005 291; x_wconf 72' lang='grc' dir='ltr'><strong>ιι</strong></span> <span class='ocrx_word' id='word_1_6' title='bbox 1098 214 1546 308; x_wconf 85' lang='lat' dir='ltr'>XXXIV.</span> <span class='ocrx_word' id='word_1_7' title='bbox 1697 240 1838 321; x_wconf 84' lang='lat'><strong>²55</strong></span> 
     </span>
    </p>
   </div>
   <div class='ocr_carea' id='block_1_2' title="bbox 274 309 2086 3000">
    <p class='ocr_par' dir='ltr' id='par_1_2' title="bbox 274 309 2086 3000">
     <span class='ocr_line' id='line_1_2' title="bbox 306 309 2082 401; baseline 0.004 -26"><span class='ocrx_word' id='word_1_8' title='bbox 306 309 606 395; x_wconf 66' lang='lat' dir='ltr'>nist-qubd</span> <span class='ocrx_word' id='word_1_9' title='bbox 626 360 648 387; x_wconf 90' lang='lat'><strong><em>,</em></strong></span> <span class='ocrx_word' id='word_1_10' title='bbox 671 334 883 397; x_wconf 82' lang='lat' dir='ltr'><strong>praeter</strong></span> <span class='ocrx_word' id='word_1_11' title='bbox 916 312 952 375; x_wconf 90' lang='lat' dir='ltr'>s</span> <span class='ocrx_word' id='word_1_12' title='bbox 982 333 1079 376; x_wconf 89' lang='lat' dir='ltr'><strong>em</strong></span> <span class='ocrx_word' id='word_1_13' title='bbox 1100 359 1121 389; x_wconf 92' lang='lat'>,</span> <span class='ocrx_word' id='word_1_14' title='bbox 1159 315 1634 377; x_wconf 74' lang='lat' dir='ltr'><strong>reducendorum</strong></span> <span class='ocrx_word' id='word_1_15' title='bbox 1669 318 1838 381; x_wconf 86' lang='lat' dir='ltr'><strong>exsu-</strong></span> <span class='ocrx_word' id='word_1_16' title='bbox 1854 337 2082 401; x_wconf 57' lang='lat'><strong>(20557,</strong></span> 
     </span>
     <span class='ocr_line' id='line_1_3' title="bbox 306 394 2086 470; baseline 0.001 -15"><span class='ocrx_word' id='word_1_17' title='bbox 306 394 429 455; x_wconf 84' lang='lat' dir='ltr'><strong>lum</strong></span> <span class='ocrx_word' id='word_1_18' title='bbox 454 399 697 459; x_wconf 88' lang='lat' dir='ltr'>·mentio</span> <span class='ocrx_word' id='word_1_19' title='bbox 739 396 896 457; x_wconf 85' lang='lat' dir='ltr'>nulla</span> <span class='ocrx_word' id='word_1_20' title='bbox 959 394 1079 457; x_wconf 53' lang='lat' dir='ltr'><strong>afta</strong></span> <span class='ocrx_word' id='word_1_21' title='bbox 1118 416 1242 458; x_wconf 87' lang='lat' dir='ltr'><strong>erat</strong></span> <span class='ocrx_word' id='word_1_22' title='bbox 1283 417 1304 470; x_wconf 85' lang='lat'>3</span> <span class='ocrx_word' id='word_1_23' title='bbox 1346 399 1600 459; x_wconf 75' lang='lat' dir='ltr'><strong>maxime</strong></span> <span class='ocrx_word' id='word_1_24' title='bbox 1639 407 2086 469; x_wconf 56' lang='lat' dir='ltr'><strong>autem2Ca95.</strong></span> 
     </span>
     <span class='ocr_line' id='line_1_4' title="bbox 308 474 1839 559; baseline 0.004 -22"><span class='ocrx_word' id='word_1_25' title='bbox 308 478 573 537; x_wconf 84' lang='lat' dir='ltr'>omnium</span> <span class='ocrx_word' id='word_1_26' title='bbox 612 497 683 539; x_wconf 82' lang='lat' dir='ltr'><strong>ea</strong></span> <span class='ocrx_word' id='word_1_27' title='bbox 706 497 796 543; x_wconf 86' lang='lat' dir='ltr'><strong>res</strong></span> <span class='ocrx_word' id='word_1_28' title='bbox 828 474 1168 550; x_wconf 75' lang='lat' dir='ltr'><strong>offendebat</strong></span> <span class='ocrx_word' id='word_1_29' title='bbox 1193 523 1213 554; x_wconf 92' lang='lat'><strong>‚</strong></span> <span class='ocrx_word' id='word_1_30' title='bbox 1241 476 1402 559; x_wconf 74' lang='lat' dir='ltr'>qubd</span> <span class='ocrx_word' id='word_1_31' title='bbox 1433 479 1500 538; x_wconf 88' lang='lat'>&amp;</span> <span class='ocrx_word' id='word_1_32' title='bbox 1521 500 1702 541; x_wconf 81' lang='lat' dir='ltr'><strong>naves</strong></span> <span class='ocrx_word' id='word_1_33' title='bbox 1721 525 1744 557; x_wconf 82' lang='lat'><strong>,</strong></span> <span class='ocrx_word' id='word_1_34' title='bbox 1771 480 1839 543; x_wconf 83' lang='lat'>&amp;</span> 
     </span>
     <span class='ocr_line' id='line_1_5' title="bbox 306 556 1838 641; baseline 0.005 -24"><span class='ocrx_word' id='word_1_35' title='bbox 306 558 611 619; x_wconf 67' lang='lat' dir='ltr'><strong>maritimae</strong></span> <span class='ocrx_word' id='word_1_36' title='bbox 645 560 909 621; x_wconf 82' lang='lat' dir='ltr'><strong>civitates</strong></span> <span class='ocrx_word' id='word_1_37' title='bbox 949 556 1240 641; x_wconf 66' lang='lat' dir='ltr'><strong>indemptae</strong></span> <span class='ocrx_word' id='word_1_38' title='bbox 1267 575 1452 621; x_wconf 83' lang='lat' dir='ltr'><strong>erant.</strong></span> <span class='ocrx_word' id='word_1_39' title='bbox 1473 558 1688 623; x_wconf 80' lang='lat' dir='ltr'>Fuerat</span> <span class='ocrx_word' id='word_1_40' title='bbox 1724 584 1838 625; x_wconf 79' lang='lat' dir='ltr'><strong>au·-</strong></span> 
     </span>
     <span class='ocr_line' id='line_1_6' title="bbox 304 638 1839 722; baseline 0.005 -25"><span class='ocrx_word' id='word_1_41' title='bbox 304 654 429 697; x_wconf 84' lang='lat' dir='ltr'><strong>tem</strong></span> <span class='ocrx_word' id='word_1_42' title='bbox 462 642 519 701; x_wconf 88' lang='lat' dir='ltr'><strong>ei</strong></span> <span class='ocrx_word' id='word_1_43' title='bbox 560 660 779 722; x_wconf 78' lang='lat' dir='ltr'>magno</span> <span class='ocrx_word' id='word_1_44' title='bbox 821 638 1025 701; x_wconf 67' lang='lat' dir='ltr'>frufiui</span> <span class='ocrx_word' id='word_1_45' title='bbox 1064 660 1226 701; x_wconf 81' lang='lat' dir='ltr'><strong>mare</strong></span> <span class='ocrx_word' id='word_1_46' title='bbox 1253 682 1274 712; x_wconf 89' lang='lat'><strong>,</strong></span> <span class='ocrx_word' id='word_1_47' title='bbox 1307 660 1550 703; x_wconf 85' lang='lat' dir='ltr'><strong>omnem</strong></span> <span class='ocrx_word' id='word_1_48' title='bbox 1596 656 1763 705; x_wconf 83' lang='lat' dir='ltr'>oram</span> <span class='ocrx_word' id='word_1_49' title='bbox 1801 664 1839 705; x_wconf 81' lang='lat' dir='ltr'>a</span> 
     </span>
     <span class='ocr_line' id='line_1_7' title="bbox 301 714 1837 802; baseline 0.002 -20"><span class='ocrx_word' id='word_1_50' title='bbox 301 714 505 782; x_wconf 79' lang='lat' dir='ltr'><strong>Malea</strong></span> <span class='ocrx_word' id='word_1_51' title='bbox 545 722 903 802; x_wconf 68' lang='lat' dir='ltr'><strong>praedatoriis</strong></span> <span class='ocrx_word' id='word_1_52' title='bbox 944 721 1191 785; x_wconf 83' lang='lat' dir='ltr'>navibus</span> <span class='ocrx_word' id='word_1_53' title='bbox 1229 720 1498 783; x_wconf 77' lang='lat' dir='ltr'><strong>infestam</strong></span> <span class='ocrx_word' id='word_1_54' title='bbox 1549 721 1786 787; x_wconf 83' lang='lat' dir='ltr'>habenti</span> <span class='ocrx_word' id='word_1_55' title='bbox 1815 747 1837 801; x_wconf 81' lang='lat'><em>3</em></span> 
     </span>
     <span class='ocr_line' id='line_1_8' title="bbox 300 796 1837 887; baseline 0.003 -26"><span class='ocrx_word' id='word_1_56' title='bbox 300 796 683 882; x_wconf 81' lang='lat' dir='ltr'><strong>juventutem</strong></span> <span class='ocrx_word' id='word_1_57' title='bbox 752 820 991 867; x_wconf 78' lang='lat' dir='ltr'><strong>taeterea</strong></span> <span class='ocrx_word' id='word_1_58' title='bbox 1035 805 1332 867; x_wconf 81' lang='lat' dir='ltr'>civitatum</span> <span class='ocrx_word' id='word_1_59' title='bbox 1364 822 1562 865; x_wconf 80' lang='lat' dir='ltr'><strong>earum</strong></span> <span class='ocrx_word' id='word_1_60' title='bbox 1597 804 1672 865; x_wconf 82' lang='lat' dir='ltr'><strong>ad</strong></span> <span class='ocrx_word' id='word_1_61' title='bbox 1703 804 1837 887; x_wconf 88' lang='lat' dir='ltr'><strong>sup·</strong></span> 
     </span>
     <span class='ocr_line' id='line_1_9' title="bbox 333 880 1841 969; baseline 0.004 -28"><span class='ocrx_word' id='word_1_62' title='bbox 333 880 672 953; x_wconf 69' lang='lat' dir='ltr'><strong>‚lementum</strong></span> <span class='ocrx_word' id='word_1_63' title='bbox 728 884 891 969; x_wconf 70' lang='lat' dir='ltr'><strong>enge.</strong></span> <span class='ocrx_word' id='word_1_64' title='bbox 920 886 1133 966; x_wconf 82' lang='lat' dir='ltr'><strong>optimi</strong></span> <span class='ocrx_word' id='word_1_65' title='bbox 1181 884 1411 966; x_wconf 78' lang='lat' dir='ltr'><strong>generis</strong></span> <span class='ocrx_word' id='word_1_66' title='bbox 1447 884 1696 946; x_wconf 83' lang='lat' dir='ltr'><strong>militum</strong></span> <span class='ocrx_word' id='word_1_67' title='bbox 1732 887 1841 947; x_wconf 84' lang='lat' dir='ltr'><strong>ha-</strong></span> 
     </span>
     <span class='ocr_line' id='line_1_10' title="bbox 302 902 1842 1049; baseline 0.003 -24"><span class='ocrx_word' id='word_1_68' title='bbox 302 902 507 1025; x_wconf 63' lang='lat' dir='ltr'><strong>Eebat.</strong></span> <span class='ocrx_word' id='word_1_69' title='bbox 534 962 659 1026; x_wconf 82' lang='lat' dir='ltr'><strong>Has</strong></span> <span class='ocrx_word' id='word_1_70' title='bbox 695 966 1068 1049; x_wconf 48' lang='lat' dir='ltr'>conditione}</span> <span class='ocrx_word' id='word_1_71' title='bbox 1090 1012 1110 1041; x_wconf 93' lang='lat'><strong>,</strong></span> <span class='ocrx_word' id='word_1_72' title='bbox 1134 984 1467 1048; x_wconf 83' lang='lat' dir='ltr'>quanquam</span> <span class='ocrx_word' id='word_1_73' title='bbox 1497 963 1619 1049; x_wconf 86' lang='lat' dir='ltr'><strong>ipse</strong></span> <span class='ocrx_word' id='word_1_74' title='bbox 1653 968 1714 1027; x_wconf 86' lang='lat' dir='ltr'><strong>in</strong></span> <span class='ocrx_word' id='word_1_75' title='bbox 1745 966 1842 1030; x_wconf 88' lang='lat' dir='ltr'><strong>se-</strong></span> 
     </span>
     <span class='ocr_line' id='line_1_11' title="bbox 303 1046 1835 1127; baseline 0.004 -23"><span class='ocrx_word' id='word_1_76' title='bbox 303 1060 468 1106; x_wconf 86' lang='lat' dir='ltr'><strong>creto</strong></span> <span class='ocrx_word' id='word_1_77' title='bbox 513 1047 885 1109; x_wconf 80' lang='lat' dir='ltr'>volutaverat</span> <span class='ocrx_word' id='word_1_78' title='bbox 931 1067 1067 1109; x_wconf 85' lang='lat' dir='ltr'><strong>cum</strong></span> <span class='ocrx_word' id='word_1_79' title='bbox 1115 1048 1314 1127; x_wconf 76' lang='lat' dir='ltr'><strong>amieis</strong></span> <span class='ocrx_word' id='word_1_80' title='bbox 1350 1091 1371 1121; x_wconf 94' lang='lat'><strong>,</strong></span> <span class='ocrx_word' id='word_1_81' title='bbox 1407 1046 1510 1109; x_wconf 85' lang='lat' dir='ltr'><strong>vul</strong></span> <span class='ocrx_word' id='word_1_82' title='bbox 1552 1047 1593 1114; x_wconf 77' lang='grc' dir='ltr'><strong>ὸ,</strong></span> <span class='ocrx_word' id='word_1_83' title='bbox 1633 1065 1835 1111; x_wconf 84' lang='lat' dir='ltr'><strong>tamen</strong></span> 
     </span>
     <span class='ocr_line' id='line_1_12' title="bbox 304 1124 1836 1211; baseline 0.004 -26"><span class='ocrx_word' id='word_1_84' title='bbox 304 1146 518 1188; x_wconf 84' lang='lat' dir='ltr'><strong>omnes·</strong></span> <span class='ocrx_word' id='word_1_85' title='bbox 550 1124 707 1189; x_wconf 61' lang='lat' dir='ltr'>fama</span> <span class='ocrx_word' id='word_1_86' title='bbox 739 1126 1037 1191; x_wconf 84' lang='lat' dir='ltr'><strong>ferebant:</strong></span> <span class='ocrx_word' id='word_1_87' title='bbox 1063 1147 1092 1211; x_wconf 83' lang='lat'>3</span> <span class='ocrx_word' id='word_1_88' title='bbox 1133 1130 1302 1189; x_wconf 83' lang='lat' dir='ltr'>vanis</span> <span class='ocrx_word' id='word_1_89' title='bbox 1326 1172 1349 1201; x_wconf 90' lang='lat'>,</span> <span class='ocrx_word' id='word_1_90' title='bbox 1379 1146 1443 1189; x_wconf 86' lang='lat' dir='ltr'><strong>ut</strong></span> <span class='ocrx_word' id='word_1_91' title='bbox 1469 1150 1504 1191; x_wconf 80' lang='lat' dir='ltr'>a</span> <span class='ocrx_word' id='word_1_92' title='bbox 1577 1146 1836 1199; x_wconf 80' lang='lat' dir='ltr'><strong>ceteram</strong></span> 
     </span>
     <span class='ocr_line' id='line_1_13' title="bbox 302 1204 1838 1295; baseline 0.005 -30"><span class='ocrx_word' id='word_1_93' title='bbox 302 1204 483 1272; x_wconf 82' lang='lat' dir='ltr'><strong>fidem</strong></span> <span class='ocrx_word' id='word_1_94' title='bbox 507 1252 527 1284; x_wconf 87' lang='lat'><strong>,</strong></span> <span class='ocrx_word' id='word_1_95' title='bbox 548 1207 623 1269; x_wconf 86' lang='lat' dir='ltr'><strong>fic</strong></span> <span class='ocrx_word' id='word_1_96' title='bbox 644 1209 719 1270; x_wconf 80' lang='lat' dir='ltr'><strong>ad</strong></span> <span class='ocrx_word' id='word_1_97' title='bbox 737 1209 954 1271; x_wconf 84' lang='lat' dir='ltr'><strong>secreta</strong></span> <span class='ocrx_word' id='word_1_98' title='bbox 973 1208 1227 1293; x_wconf 86' lang='lat' dir='ltr'><strong>tegenda</strong></span> <span class='ocrx_word' id='word_1_99' title='bbox 1244 1254 1266 1284; x_wconf 92' lang='lat'>‚</span> <span class='ocrx_word' id='word_1_100' title='bbox 1291 1208 1599 1293; x_wconf 69' lang='lat' dir='ltr'><strong>satellitqm</strong></span> <span class='ocrx_word' id='word_1_101' title='bbox 1627 1213 1838 1295; x_wconf 82' lang='lat' dir='ltr'><strong>regio-</strong></span> 
     </span>
     <span class='ocr_line' id='line_1_14' title="bbox 298 1276 1833 1373; baseline 0.003 -24"><span class='ocrx_word' id='word_1_102' title='bbox 298 1307 432 1349; x_wconf 84' lang='lat' dir='ltr'><strong>rum</strong></span> <span class='ocrx_word' id='word_1_103' title='bbox 464 1291 733 1372; x_wconf 84' lang='lat' dir='ltr'>ingeniis.</span> <span class='ocrx_word' id='word_1_104' title='bbox 768 1276 908 1353; x_wconf 83' lang='lat' dir='ltr'><strong>Non</strong></span> <span class='ocrx_word' id='word_1_105' title='bbox 944 1308 1065 1355; x_wconf 78' lang='lat' dir='ltr'><strong>tam</strong></span> <span class='ocrx_word' id='word_1_106' title='bbox 1099 1292 1298 1351; x_wconf 82' lang='lat' dir='ltr'>omnia</span> <span class='ocrx_word' id='word_1_107' title='bbox 1333 1290 1580 1353; x_wconf 82' lang='lat' dir='ltr'><strong>univerfi</strong></span> <span class='ocrx_word' id='word_1_108' title='bbox 1607 1336 1627 1365; x_wconf 85' lang='lat'>‚</span> <span class='ocrx_word' id='word_1_109' title='bbox 1655 1292 1833 1373; x_wconf 52' lang='lat' dir='ltr'><strong>quem</strong></span> 
     </span>
     <span class='ocr_line' id='line_1_15' title="bbox 302 1370 1850 1456; baseline 0.005 -27"><span class='ocrx_word' id='word_1_110' title='bbox 302 1388 374 1430; x_wconf 87' lang='lat' dir='ltr'><strong>ea</strong></span> <span class='ocrx_word' id='word_1_111' title='bbox 411 1390 539 1451; x_wconf 84' lang='lat' dir='ltr'><strong>quae</strong></span> <span class='ocrx_word' id='word_1_112' title='bbox 576 1372 653 1432; x_wconf 85' lang='lat' dir='ltr'><strong>ad</strong></span> <span class='ocrx_word' id='word_1_113' title='bbox 697 1392 993 1456; x_wconf 80' lang='lat' dir='ltr'>quemque</span> <span class='ocrx_word' id='word_1_114' title='bbox 1029 1373 1390 1454; x_wconf 83' lang='lat' dir='ltr'><strong>pertinerent</strong></span> <span class='ocrx_word' id='word_1_115' title='bbox 1429 1370 1637 1455; x_wconf 83' lang='lat' dir='ltr'>finguli</span> <span class='ocrx_word' id='word_1_116' title='bbox 1659 1417 1679 1447; x_wconf 91' lang='lat'><strong>,</strong></span> <span class='ocrx_word' id='word_1_117' title='bbox 1707 1395 1850 1437; x_wconf 81' lang='lat' dir='ltr'><strong>car·.</strong></span> 
     </span>
     <span class='ocr_line' id='line_1_16' title="bbox 344 1450 1835 1535; baseline 0.004 -24"><span class='ocrx_word' id='word_1_118' title='bbox 344 1451 545 1513; x_wconf 81' lang='lat' dir='ltr'><strong>ebant.</strong></span> <span class='ocrx_word' id='word_1_119' title='bbox 579 1450 707 1533; x_wconf 70' lang='lat' dir='ltr'><strong>Qui</strong></span> <span class='ocrx_word' id='word_1_120' title='bbox 749 1454 1009 1515; x_wconf 83' lang='lat' dir='ltr'>exsulum</span> <span class='ocrx_word' id='word_1_121' title='bbox 1047 1450 1330 1535; x_wconf 84' lang='lat' dir='ltr'><strong>conjuges</strong></span> <span class='ocrx_word' id='word_1_122' title='bbox 1367 1454 1427 1515; x_wconf 82' lang='lat' dir='ltr'><strong>in</strong></span> <span class='ocrx_word' id='word_1_123' title='bbox 1456 1456 1835 1517; x_wconf 77' lang='lat' dir='ltr'>matrimonio</span> 
     </span>
     <span class='ocr_line' id='line_1_17' title="bbox 300 1472 1838 1631; baseline 0.003 -39"><span class='ocrx_word' id='word_1_124' title='bbox 300 1472 593 1597; x_wconf 61' lang='lat' dir='ltr'><strong>Eabebant</strong></span> <span class='ocrx_word' id='word_1_125' title='bbox 610 1580 631 1610; x_wconf 92' lang='lat'>,</span> <span class='ocrx_word' id='word_1_126' title='bbox 658 1552 755 1595; x_wconf 88' lang='lat' dir='ltr'><strong>aut</strong></span> <span class='ocrx_word' id='word_1_127' title='bbox 782 1556 857 1597; x_wconf 84' lang='lat' dir='ltr'><strong>ex</strong></span> <span class='ocrx_word' id='word_1_128' title='bbox 889 1536 1060 1597; x_wconf 84' lang='lat' dir='ltr'>bonis</span> <span class='ocrx_word' id='word_1_129' title='bbox 1092 1555 1300 1597; x_wconf 82' lang='lat' dir='ltr'><strong>eorum</strong></span> <span class='ocrx_word' id='word_1_130' title='bbox 1321 1534 1538 1615; x_wconf 84' lang='lat' dir='ltr'>aliquid</span> <span class='ocrx_word' id='word_1_131' title='bbox 1563 1534 1838 1631; x_wconf 68' lang='lat' dir='ltr'><strong>possede-</strong></span> 
     </span>
     <span class='ocr_line' id='line_1_18' title="bbox 300 1614 1834 1697; baseline 0.003 -24"><span class='ocrx_word' id='word_1_132' title='bbox 300 1631 473 1690; x_wconf 74' lang='lat' dir='ltr'>rant,</span> <span class='ocrx_word' id='word_1_133' title='bbox 508 1633 781 1697; x_wconf 85' lang='lat' dir='ltr'>tanquam</span> <span class='ocrx_word' id='word_1_134' title='bbox 818 1614 1065 1680; x_wconf 81' lang='lat' dir='ltr'>amissuri</span> <span class='ocrx_word' id='word_1_135' title='bbox 1100 1660 1121 1691; x_wconf 85' lang='lat'><strong>‚</strong></span> <span class='ocrx_word' id='word_1_136' title='bbox 1161 1638 1283 1679; x_wconf 88' lang='lat' dir='ltr'><strong>non</strong></span> <span class='ocrx_word' id='word_1_137' title='bbox 1309 1615 1594 1679; x_wconf 67' lang='lat' dir='ltr'><strong>redditur!</strong></span> <span class='ocrx_word' id='word_1_138' title='bbox 1615 1662 1636 1693; x_wconf 93' lang='lat'>,</span> <span class='ocrx_word' id='word_1_139' title='bbox 1669 1618 1834 1677; x_wconf 69' lang='lat' dir='ltr'>indi·-</span> 
     </span>
     <span class='ocr_line' id='line_1_19' title="bbox 300 1694 1837 1776; baseline 0.005 -23"><span class='ocrx_word' id='word_1_140' title='bbox 300 1694 639 1776; x_wconf 80' lang='lat' dir='ltr'>gnabantnr.</span> <span class='ocrx_word' id='word_1_141' title='bbox 656 1696 852 1759; x_wconf 77' lang='lat' dir='ltr'><strong>Servis</strong></span> <span class='ocrx_word' id='word_1_142' title='bbox 886 1698 1140 1759; x_wconf 83' lang='lat' dir='ltr'><strong>liberatis</strong></span> <span class='ocrx_word' id='word_1_143' title='bbox 1172 1719 1208 1757; x_wconf 84' lang='lat' dir='ltr'>a</span> <span class='ocrx_word' id='word_1_144' title='bbox 1240 1714 1264 1757; x_wconf 82' lang='lat' dir='ltr'><strong>t</strong></span> <span class='ocrx_word' id='word_1_145' title='bbox 1315 1718 1497 1759; x_wconf 78' lang='lat' dir='ltr'>ranno</span> <span class='ocrx_word' id='word_1_146' title='bbox 1535 1719 1658 1759; x_wconf 86' lang='lat' dir='ltr'><strong>non</strong></span> <span class='ocrx_word' id='word_1_147' title='bbox 1679 1700 1837 1761; x_wconf 80' lang='lat' dir='ltr'>irrita</span> 
     </span>
     <span class='ocr_line' id='line_1_20' title="bbox 299 1776 1834 1863; baseline 0.003 -28"><span class='ocrx_word' id='word_1_148' title='bbox 299 1776 707 1839; x_wconf 63' lang='lat' dir='ltr'><strong>medea-futura</strong></span> <span class='ocrx_word' id='word_1_149' title='bbox 734 1779 1002 1854; x_wconf 79' lang='lat' dir='ltr'><strong>libertas,</strong></span> <span class='ocrx_word' id='word_1_150' title='bbox 1026 1780 1128 1840; x_wconf 85' lang='lat' dir='ltr'><strong>sed</strong></span> <span class='ocrx_word' id='word_1_151' title='bbox 1160 1800 1220 1837; x_wconf 87' lang='lat' dir='ltr'><strong>m</strong></span> <span class='ocrx_word' id='word_1_152' title='bbox 1284 1779 1347 1838; x_wconf 72' lang='grc' dir='ltr'><strong>τὸ</strong></span> <span class='ocrx_word' id='word_1_153' title='bbox 1384 1776 1834 1863; x_wconf 56' lang='lat' dir='ltr'><strong>stadim-,quam</strong></span> 
     </span>
     <span class='ocr_line' id='line_1_21' title="bbox 296 1855 1831 1939; baseline 0.003 -22"><span class='ocrx_word' id='word_1_154' title='bbox 296 1855 487 1925; x_wconf 75' lang='lat' dir='ltr'><strong>suiss&#39;et</strong></span> <span class='ocrx_word' id='word_1_155' title='bbox 528 1860 663 1927; x_wconf 71' lang='lat' dir='ltr'><strong>ante</strong></span> <span class='ocrx_word' id='word_1_156' title='bbox 684 1905 705 1934; x_wconf 87' lang='lat'>,</span> <span class='ocrx_word' id='word_1_157' title='bbox 730 1859 971 1937; x_wconf 74' lang='lat' dir='ltr'><strong>servitus</strong></span> <span class='ocrx_word' id='word_1_158' title='bbox 994 1904 1014 1932; x_wconf 88' lang='lat'>‚</span> <span class='ocrx_word' id='word_1_159' title='bbox 1032 1859 1420 1939; x_wconf 36' lang='lat' dir='ltr'><strong>,redeuntibus</strong></span> <span class='ocrx_word' id='word_1_160' title='bbox 1455 1862 1516 1919; x_wconf 84' lang='lat' dir='ltr'><strong>in</strong></span> <span class='ocrx_word' id='word_1_161' title='bbox 1548 1861 1831 1925; x_wconf 81' lang='lat' dir='ltr'>iratorum</span> 
     </span>
     <span class='ocr_line' id='line_1_22' title="bbox 296 1938 1835 2023; baseline 0.003 -24"><span class='ocrx_word' id='word_1_162' title='bbox 296 1938 673 2001; x_wconf 81' lang='lat' dir='ltr'>dominorum</span> <span class='ocrx_word' id='word_1_163' title='bbox 714 1938 1064 2023; x_wconf 78' lang='lat' dir='ltr'><strong>po&#39;testatern</strong></span> <span class='ocrx_word' id='word_1_164' title='bbox 1092 1986 1112 2015; x_wconf 90' lang='lat'>‚</span> <span class='ocrx_word' id='word_1_165' title='bbox 1138 1956 1278 2001; x_wconf 85' lang='lat' dir='ltr'><strong>ante</strong></span> <span class='ocrx_word' id='word_1_166' title='bbox 1315 1939 1520 2001; x_wconf 85' lang='lat' dir='ltr'>oculos</span> <span class='ocrx_word' id='word_1_167' title='bbox 1557 1940 1835 2003; x_wconf 78' lang='lat' dir='ltr'><strong>obversa-</strong></span> 
     </span>
     <span class='ocr_line' id='line_1_23' title="bbox 294 2020 1834 2102; baseline 0.001 -21"><span class='ocrx_word' id='word_1_168' title='bbox 294 2020 484 2083; x_wconf 84' lang='lat' dir='ltr'><strong>batur.</strong></span> <span class='ocrx_word' id='word_1_169' title='bbox 518 2021 865 2086; x_wconf 82' lang='lat' dir='ltr'><strong>Mercenarii</strong></span> <span class='ocrx_word' id='word_1_170' title='bbox 898 2023 1111 2083; x_wconf 85' lang='lat' dir='ltr'><strong>milites</strong></span> <span class='ocrx_word' id='word_1_171' title='bbox 1147 2022 1214 2081; x_wconf 89' lang='lat'>&amp;</span> <span class='ocrx_word' id='word_1_172' title='bbox 1248 2023 1432 2102; x_wconf 82' lang='lat' dir='ltr'><strong>pretia</strong></span> <span class='ocrx_word' id='word_1_173' title='bbox 1469 2020 1688 2085; x_wconf 64' lang='lat' dir='ltr'>militia</span> <span class='ocrx_word' id='word_1_174' title='bbox 1724 2042 1834 2083; x_wconf 80' lang='lat' dir='ltr'><strong>ca-</strong></span> 
     </span>
     <span class='ocr_line' id='line_1_24' title="bbox 293 2098 1831 2187; baseline 0.001 -24"><span class='ocrx_word' id='word_1_175' title='bbox 293 2102 419 2163; x_wconf 78' lang='lat' dir='ltr'>sura</span> <span class='ocrx_word' id='word_1_176' title='bbox 458 2106 517 2163; x_wconf 83' lang='lat' dir='ltr'><strong>in</strong></span> <span class='ocrx_word' id='word_1_177' title='bbox 566 2124 711 2185; x_wconf 84' lang='lat' dir='ltr'><strong>pace</strong></span> <span class='ocrx_word' id='word_1_178' title='bbox 766 2104 919 2187; x_wconf 68' lang='lat' dir='ltr'><strong>aegre</strong></span> <span class='ocrx_word' id='word_1_179' title='bbox 963 2101 1229 2165; x_wconf 86' lang='lat' dir='ltr'><strong>ferebant</strong></span> <span class='ocrx_word' id='word_1_180' title='bbox 1256 2146 1278 2176; x_wconf 89' lang='lat'>‚</span> <span class='ocrx_word' id='word_1_181' title='bbox 1330 2098 1394 2163; x_wconf 64' lang='grc' dir='ltr'>ἁ</span> <span class='ocrx_word' id='word_1_182' title='bbox 1427 2100 1676 2164; x_wconf 83' lang='lat' dir='ltr'><strong>reditum</strong></span> <span class='ocrx_word' id='word_1_183' title='bbox 1724 2102 1831 2164; x_wconf 76' lang='lat' dir='ltr'><strong>fibi</strong></span> 
     </span>
     <span class='ocr_line' id='line_1_25' title="bbox 297 2181 1836 2256; baseline 0.002 -11"><span class='ocrx_word' id='word_1_184' title='bbox 297 2184 523 2245; x_wconf 83' lang='lat' dir='ltr'>nullum</span> <span class='ocrx_word' id='word_1_185' title='bbox 548 2184 663 2246; x_wconf 83' lang='lat' dir='ltr'><strong>effe</strong></span> <span class='ocrx_word' id='word_1_186' title='bbox 692 2188 752 2244; x_wconf 88' lang='lat' dir='ltr'><strong>in</strong></span> <span class='ocrx_word' id='word_1_187' title='bbox 784 2190 1050 2247; x_wconf 81' lang='lat' dir='ltr'><strong>civitates</strong></span> <span class='ocrx_word' id='word_1_188' title='bbox 1077 2182 1360 2244; x_wconf 84' lang='lat' dir='ltr'><strong>videbant</strong></span> <span class='ocrx_word' id='word_1_189' title='bbox 1383 2227 1406 2256; x_wconf 90' lang='lat'>,</span> <span class='ocrx_word' id='word_1_190' title='bbox 1434 2181 1683 2247; x_wconf 78' lang='lat' dir='ltr'><strong>infensas</strong></span> <span class='ocrx_word' id='word_1_191' title='bbox 1711 2205 1836 2249; x_wconf 85' lang='lat' dir='ltr'><strong>non</strong></span> 
     </span>
     <span class='ocr_line' id='line_1_26' title="bbox 296 2264 1662 2351; baseline 0 -25"><span class='ocrx_word' id='word_1_192' title='bbox 296 2268 560 2347; x_wconf 82' lang='lat' dir='ltr'>tyrannis</span> <span class='ocrx_word' id='word_1_193' title='bbox 596 2266 774 2348; x_wconf 83' lang='lat' dir='ltr'>tnagis</span> <span class='ocrx_word' id='word_1_194' title='bbox 794 2311 813 2339; x_wconf 88' lang='lat'>‚</span> <span class='ocrx_word' id='word_1_195' title='bbox 858 2266 1035 2351; x_wconf 63' lang='lat' dir='ltr'>quiun</span> <span class='ocrx_word' id='word_1_196' title='bbox 1059 2264 1392 2327; x_wconf 83' lang='lat' dir='ltr'><strong>satellitibus</strong></span> <span class='ocrx_word' id='word_1_197' title='bbox 1431 2284 1662 2329; x_wconf 72' lang='lat' dir='ltr'><strong>eornm.</strong></span> 
     </span>
     <span class='ocr_line' id='line_1_27' title="bbox 379 2344 1836 2411; baseline -0.001 -5"><span class='ocrx_word' id='word_1_198' title='bbox 379 2344 707 2409; x_wconf 81' lang='lat' dir='ltr'><strong>XXXVII.</strong></span> <span class='ocrx_word' id='word_1_199' title='bbox 750 2346 894 2408; x_wconf 75' lang='lat' dir='ltr'><strong>Haec</strong></span> <span class='ocrx_word' id='word_1_200' title='bbox 942 2350 1093 2407; x_wconf 79' lang='lat' dir='ltr'><strong>inter</strong></span> <span class='ocrx_word' id='word_1_201' title='bbox 1139 2346 1198 2407; x_wconf 92' lang='lat' dir='ltr'><strong>se</strong></span> <span class='ocrx_word' id='word_1_202' title='bbox 1288 2344 1438 2406; x_wconf 75' lang='lat' dir='ltr'><strong>rimb</strong></span> <span class='ocrx_word' id='word_1_203' title='bbox 1491 2347 1552 2406; x_wconf 87' lang='lat' dir='ltr'><strong>in</strong></span> <span class='ocrx_word' id='word_1_204' title='bbox 1609 2345 1836 2411; x_wconf 79' lang='lat' dir='ltr'>circulis</span> 
     </span>
     <span class='ocr_line' id='line_1_28' title="bbox 274 2424 1836 2494; baseline -0.003 -3"><span class='ocrx_word' id='word_1_205' title='bbox 274 2426 559 2491; x_wconf 82' lang='lat' dir='ltr'><strong>.serentes</strong></span> <span class='ocrx_word' id='word_1_206' title='bbox 600 2426 851 2491; x_wconf 83' lang='lat' dir='ltr'><strong>fremere</strong></span> <span class='ocrx_word' id='word_1_207' title='bbox 892 2447 908 2487; x_wconf 89' lang='lat'><strong>:</strong></span> <span class='ocrx_word' id='word_1_208' title='bbox 949 2428 1163 2494; x_wconf 84' lang='lat' dir='ltr'><strong>deinde</strong></span> <span class='ocrx_word' id='word_1_209' title='bbox 1197 2450 1229 2487; x_wconf 85' lang='lat' dir='ltr'>a</span> <span class='ocrx_word' id='word_1_210' title='bbox 1299 2447 1460 2487; x_wconf 78' lang='lat' dir='ltr'>arma</span> <span class='ocrx_word' id='word_1_211' title='bbox 1489 2424 1686 2491; x_wconf 73' lang='lat' dir='ltr'>subitb&#39;</span> <span class='ocrx_word' id='word_1_212' title='bbox 1713 2426 1836 2489; x_wconf 87' lang='lat' dir='ltr'>dis-</span> 
     </span>
     <span class='ocr_line' id='line_1_29' title="bbox 297 2504 1833 2589; baseline -0.002 -20"><span class='ocrx_word' id='word_1_213' title='bbox 297 2521 621 2572; x_wconf 64' lang='lat' dir='ltr'><strong>currerunt.</strong></span> <span class='ocrx_word' id='word_1_214' title='bbox 657 2508 805 2589; x_wconf 84' lang='lat' dir='ltr'><strong>Quo</strong></span> <span class='ocrx_word' id='word_1_215' title='bbox 839 2510 1086 2571; x_wconf 84' lang='lat' dir='ltr'><strong>tumultu</strong></span> <span class='ocrx_word' id='word_1_216' title='bbox 1122 2527 1426 2589; x_wconf 80' lang='lat' dir='ltr'><strong>quumper</strong></span> <span class='ocrx_word' id='word_1_217' title='bbox 1461 2504 1519 2568; x_wconf 89' lang='lat' dir='ltr'><strong>se</strong></span> <span class='ocrx_word' id='word_1_218' title='bbox 1551 2506 1678 2571; x_wconf 79' lang='lat' dir='ltr'>satis</span> <span class='ocrx_word' id='word_1_219' title='bbox 1701 2508 1833 2571; x_wconf 79' lang='lat' dir='ltr'>irri-</span> 
     </span>
     <span class='ocr_line' id='line_1_30' title="bbox 274 2591 1884 2671; baseline 0 -18"><span class='ocrx_word' id='word_1_220' title='bbox 274 2607 475 2653; x_wconf 82' lang='lat' dir='ltr'><strong>.tatam</strong></span> <span class='ocrx_word' id='word_1_221' title='bbox 517 2591 945 2652; x_wconf 86' lang='lat' dir='ltr'><strong>multitudinem</strong></span> <span class='ocrx_word' id='word_1_222' title='bbox 983 2607 1252 2653; x_wconf 86' lang='lat' dir='ltr'><strong>cerneret</strong></span> <span class='ocrx_word' id='word_1_223' title='bbox 1288 2607 1570 2671; x_wconf 84' lang='lat' dir='ltr'>tyrannus</span> <span class='ocrx_word' id='word_1_224' title='bbox 1611 2633 1634 2665; x_wconf 86' lang='lat'><strong>,</strong></span> <span class='ocrx_word' id='word_1_225' title='bbox 1677 2610 1830 2654; x_wconf 81' lang='lat' dir='ltr'>con·</span> <span class='ocrx_word' id='word_1_226' title='bbox 1878 2617 1884 2621; x_wconf 95' lang='lat'>·</span> 
     </span>
     <span class='ocr_line' id='line_1_31' title="bbox 292 2670 1830 2753; baseline 0 -20"><span class='ocrx_word' id='word_1_227' title='bbox 292 2674 529 2734; x_wconf 84' lang='lat' dir='ltr'><strong>cionem</strong></span> <span class='ocrx_word' id='word_1_228' title='bbox 566 2672 844 2734; x_wconf 83' lang='lat' dir='ltr'>advocari</span> <span class='ocrx_word' id='word_1_229' title='bbox 884 2670 1073 2751; x_wconf 78' lang='lat' dir='ltr'><strong>juffit3</strong></span> <span class='ocrx_word' id='word_1_230' title='bbox 1114 2672 1197 2733; x_wconf 87' lang='lat' dir='ltr'><strong>ibi</strong></span> <span class='ocrx_word' id='word_1_231' title='bbox 1232 2690 1406 2752; x_wconf 87' lang='lat' dir='ltr'>quum</span> <span class='ocrx_word' id='word_1_232' title='bbox 1445 2690 1514 2732; x_wconf 87' lang='lat' dir='ltr'><strong>ea</strong></span> <span class='ocrx_word' id='word_1_233' title='bbox 1551 2691 1681 2753; x_wconf 80' lang='lat' dir='ltr'><strong>quae</strong></span> <span class='ocrx_word' id='word_1_234' title='bbox 1713 2672 1830 2733; x_wconf 77' lang='lat' dir='ltr'><strong>im-</strong></span> 
     </span>
     <span class='ocr_line' id='line_1_32' title="bbox 290 2748 1831 2837; baseline 0 -22"><span class='ocrx_word' id='word_1_235' title='bbox 290 2752 1025 2835; x_wconf 81' lang='lat' dir='ltr'><strong>perarenturabRomanis</strong></span> <span class='ocrx_word' id='word_1_236' title='bbox 1059 2748 1439 2837; x_wconf 78' lang='lat' dir='ltr'><strong>exposuiss&#39;et,</strong></span> <span class='ocrx_word' id='word_1_237' title='bbox 1469 2752 1532 2812; x_wconf 72' lang='grc' dir='ltr'><strong>δι</strong></span> <span class='ocrx_word' id='word_1_238' title='bbox 1554 2753 1831 2836; x_wconf 72' lang='lat' dir='ltr'>graviora</span> 
     </span>
     <span class='ocr_line' id='line_1_33' title="bbox 290 2831 1832 2919; baseline 0.001 -24"><span class='ocrx_word' id='word_1_239' title='bbox 290 2854 463 2917; x_wconf 81' lang='lat' dir='ltr'><strong>atque</strong></span> <span class='ocrx_word' id='word_1_240' title='bbox 502 2835 827 2919; x_wconf 80' lang='lat' dir='ltr'>indigniora</span> <span class='ocrx_word' id='word_1_241' title='bbox 868 2838 1139 2918; x_wconf 66' lang='lat' dir='ltr'>quadam</span> <span class='ocrx_word' id='word_1_242' title='bbox 1175 2832 1324 2896; x_wconf 75' lang='lat' dir='ltr'>falsb</span> <span class='ocrx_word' id='word_1_243' title='bbox 1357 2831 1668 2897; x_wconf 65' lang='lat' dir='ltr'><strong>affinxiss‘et</strong></span> <span class='ocrx_word' id='word_1_244' title='bbox 1699 2880 1720 2909; x_wconf 88' lang='lat'>‚</span> <span class='ocrx_word' id='word_1_245' title='bbox 1764 2834 1832 2896; x_wconf 70' lang='grc' dir='ltr'><strong>δι</strong></span> 
     </span>
     <span class='ocr_line' id='line_1_34' title="bbox 288 2914 1830 3000; baseline 0 -23"><span class='ocrx_word' id='word_1_246' title='bbox 288 2916 364 2977; x_wconf 80' lang='lat' dir='ltr'><strong>ad</strong></span> <span class='ocrx_word' id='word_1_247' title='bbox 396 2916 616 3000; x_wconf 84' lang='lat' dir='ltr'>fingula</span> <span class='ocrx_word' id='word_1_248' title='bbox 642 2937 800 2979; x_wconf 88' lang='lat' dir='ltr'>nunc</span> <span class='ocrx_word' id='word_1_249' title='bbox 833 2916 909 2979; x_wconf 80' lang='lat' dir='ltr'><strong>ab</strong></span> <span class='ocrx_word' id='word_1_250' title='bbox 941 2914 1216 2982; x_wconf 75' lang='lat' dir='ltr'>universis</span> <span class='ocrx_word' id='word_1_251' title='bbox 1238 2960 1260 2993; x_wconf 87' lang='lat'><strong>,</strong></span> <span class='ocrx_word' id='word_1_252' title='bbox 1295 2936 1448 2978; x_wconf 81' lang='lat' dir='ltr'>nunc</span> <span class='ocrx_word' id='word_1_253' title='bbox 1489 2937 1526 2977; x_wconf 85' lang='lat' dir='ltr'>a</span> <span class='ocrx_word' id='word_1_254' title='bbox 1563 2916 1830 3000; x_wconf 77' lang='lat' dir='ltr'>partibus</span> 
     </span>
    </p>
   </div>
   <div class='ocr_carea' id='block_1_3' title="bbox 290 3104 1822 3252">
    <p class='ocr_par' dir='ltr' id='par_1_3' title="bbox 290 3104 1822 3252">
     <span class='ocr_line' id='line_1_35' title="bbox 368 3104 1822 3177; baseline -0.001 -16"><span class='ocrx_word' id='word_1_255' title='bbox 368 3121 395 3173; x_wconf 81' lang='lat'>3</span> <span class='ocrx_word' id='word_1_256' title='bbox 421 3106 589 3161; x_wconf 72' lang='lat' dir='ltr'><strong>Vanis.</strong></span> <span class='ocrx_word' id='word_1_257' title='bbox 606 3110 635 3177; x_wconf 81' lang='lat' dir='ltr'>J</span> <span class='ocrx_word' id='word_1_258' title='bbox 654 3108 821 3176; x_wconf 80' lang='lat' dir='ltr'><strong>Quum</strong></span> <span class='ocrx_word' id='word_1_259' title='bbox 842 3109 1017 3161; x_wconf 78' lang='lat' dir='ltr'><strong>satem·</strong></span> <span class='ocrx_word' id='word_1_260' title='bbox 1088 3106 1270 3163; x_wconf 70' lang='lat' dir='ltr'><strong>ceteris</strong></span> <span class='ocrx_word' id='word_1_261' title='bbox 1286 3108 1435 3167; x_wconf 64' lang='lat' dir='ltr'><strong>rebus</strong></span> <span class='ocrx_word' id='word_1_262' title='bbox 1455 3139 1472 3165; x_wconf 88' lang='lat'><em>,</em></span> <span class='ocrx_word' id='word_1_263' title='bbox 1497 3106 1549 3158; x_wconf 67' lang='grc' dir='ltr'><strong>ει</strong></span> <span class='ocrx_word' id='word_1_264' title='bbox 1572 3104 1822 3173; x_wconf 74' lang='lat' dir='ltr'><strong>speciatim</strong></span> 
     </span>
     <span class='ocr_line' id='line_1_36' title="bbox 290 3178 1784 3252; baseline 0.002 -19"><span class='ocrx_word' id='word_1_265' title='bbox 290 3193 396 3233; x_wconf 82' lang='lat' dir='ltr'><strong>tum</strong></span> <span class='ocrx_word' id='word_1_266' title='bbox 414 3182 655 3248; x_wconf 77' lang='lat' dir='ltr'><strong>regiorum</strong></span> <span class='ocrx_word' id='word_1_267' title='bbox 667 3184 857 3252; x_wconf 79' lang='lat' dir='ltr'><strong>ingenia</strong></span> <span class='ocrx_word' id='word_1_268' title='bbox 874 3201 1017 3235; x_wconf 71' lang='lat' dir='ltr'>vana.»</span> <span class='ocrx_word' id='word_1_269' title='bbox 1088 3184 1149 3235; x_wconf 71' lang='lat' dir='ltr'><strong>ad</strong></span> <span class='ocrx_word' id='word_1_270' title='bbox 1196 3196 1374 3235; x_wconf 75' lang='lat' dir='ltr'><strong>ateana</strong></span> <span class='ocrx_word' id='word_1_271' title='bbox 1420 3178 1655 3249; x_wconf 73' lang='lat' dir='ltr'><strong>tegenda·</strong></span> <span class='ocrx_word' id='word_1_272' title='bbox 1773 3218 1784 3249; x_wconf 86' lang='lat'><em>,</em></span> 
     </span>
    </p>
   </div>
   <div class='ocr_carea' id='block_1_4' title="bbox 290 3252 1018 3321">
    <p class='ocr_par' dir='ltr' id='par_1_4' title="bbox 290 3252 1018 3321">
     <span class='ocr_line' id='line_1_37' title="bbox 290 3252 1018 3321; baseline -0.003 -10"><span class='ocrx_word' id='word_1_273' title='bbox 290 3252 1018 3321; x_wconf 55' lang='lat' dir='ltr'><strong>&amp;fluxafideifinnecin</strong></span> 
     </span>
    </p>
   </div>
  </div>
 </body>
</html>
