2300 3859
0 3327 95 3442 M

541 225 965 297 L1nzn
1067 223 1501 298 xxxvt
1652 224 1897 322 ffi-

245 337 551 404 paraturos
588 343 602 382 :
644 322 710 383 ὃ(
741 319 1129 402 stipendium,
1166 323 1328 404 quod
1358 321 1613 403 pluribus
1638 330 1788 405 pen·
1804 338 2039 404 u.c,561;

250 402 506 466 sionibus
562 407 621 464 in
674 403 890 469 multos
949 424 1132 463 annos
1172 404 1496 479 deberent,
1536 405 1785 486 praesens
1802 407 2041 470 {BC-191·

251 505 434 546 omne
461 486 714 546 daturos·
739 483 1038 547 Mafiniss'ae
1062 486 1277 566 legati,
1309 488 1627 568 quingenta
1644 487 1787 548 mil·-

248 565 335 630 lia·
367 566 631 628 modifim
655 569 870 640 tritici,
907 583 1169 626 trecenta
1206 567 1413 626 hordei
1444 567 1520 628 ad
1556 571 1791 630 exerci-

247 664 374 750 ‘¹¹3⁰
415 650 474 708 in
509 647 842 720 Graeciam3
883 644 1142 707 Romam
1168 664 1427 708 trecenta
1451 649 1794 713 millia-mo-

247 728 410 790 dium
431 731 641 802 tritici,
661 729 910 790 ducenta
929 729 1341 810 quinquaginta
1362 728 1567 789 hordei
1578 750 1599 804 ;
1621 733 1791 812 equi-

250 829 344 872 tes
399 813 751 893 quingentos
774 853 795 883 ‚
827 809 1179 890 elephantos
1216 810 1429 952 vffinti
1466 829 1670 951 regem
1710 811 1789 874 ad

249 891 522 954 Manium
563 888 820 953 Acili'um
852 889 1152 952 consulem
1184 892 1261 951 m’
1350 911 1497 951 rum.
1592 912 1626 953 e
1650 890 1791 954 fru-

248 991 458 1035 mento
494 973 744 1054 utrisque
777 971 1154 1055 responsum,
1194 974 1273 1032 ita
1302 971 1533 1038 usurum
1570 992 1647 1034 eo
1720 970 1793 1036 οἳ

249 1055 454 1138 pulum
498 1053 833 1115 Romanum
861 1099 882 1126 ,
924 1052 966 1114 fi
1005 1056 1253 1136 pretium
1292 1057 1642 1136 acciperent.
1678 994 1791 1118 Be

249 1135 420 1198 class'e
445 1132 1014 1218 Carthaginiensibus
1047 1133 1339 1196 remissum
1368 1153 1793 1217 :praeterquam

251 1215 297 1278 fi
332 1217 473 1300 quid
509 1221 744 1278 navium
778 1237 852 1276 ex
878 1217 1111 1278 foedere
1149 1216 1434 1277 deberent
1457 1236 1475 1289 ;
1500 1218 1577 1278 de
1596 1238 1791 1299 pecu-

253 1301 350 1362 aia
386 1301 529 1361 item
575 1296 907 1382 responsum
929 1343 952 1374 ,
997 1298 1217 1360 nullam
1262 1315 1399 1360 ante
1433 1299 1592 1360 diem
1619 1318 1805 1371 acce--⁴

187 1427 200 1442 .
254 1397 485 1464 pturos.

339 1461 423 1523 V.
453 1461 659 1543 Quum
698 1461 822 1523 haec
851 1459 1063 1522 Romae
1103 1459 1422 1544 agebantur
1442 1506 1463 1535 ,
1500 1458 1787 1525 Chalcide
1850 1471 2033 1524 Antio..

257 1541 586 1606 Antiochus
607 1589 628 1619 ‚
665 1563 744 1604 ne
791 1540 1035 1624 ceffaret-
1065 1563 1173 1624 per
1207 1543 1584 1605 hibernorum
1622 1547 1904 1605 tem-chus
1938 1547 2033 1598 ‘ci-

253 1646 363 1707 pus
385 1671 408 1700 ,
442 1628 652 1706 partim
685 1624 804 1706 ipse
839 1624 1185 1686 sollicitabat
1223 1628 1524 1687 civitatum
1559 1621 1971 1710 animosvitateff

253 1708 552 1768 mittendis
579 1708 782 1788 legatis
803 1753 823 1778 ‚
861 1707 1072 1787 partim
1117 1706 1273 1767 ultro
1317 1708 1394 1767 ad
1428 1727 1567 1768 eum
1596 1728 1631 1767 2
1666 1729 1783 1771 ve·
1800 1691 1993 1778 Graefgae
2042 1707 2045 1710 ’

253 1789 494 1868 niebant
527 1810 545 1848 t
576 1788 736 1849 ficuti
778 1787 1034 1868 Epirotae
1073 1790 1374 1848 communi
1408 1791 1597 1870 gentis
1633 1768 2036 1850 con-samum

251 1867 416 1932 sensu
441 1916 459 1943 ‚
501 1870 566 1931 δι
616 1868 744 1929 Elei
787 1890 823 1930 e
863 1867 1275 1948 Peloponneso
1310 1887 1620 1930 venerunt.
1657 1869 1809 1952 Elei·

255 1953 532 2014 auxilium
564 1951 840 2012 adver-siis
870 1948 1124 2009 Achaeos
1141 1949 1425 2030 petebant
1441 1994 1459 2023 ‚
1484 1971 1635 2033 quos
1661 1950 1792 2033 post

254 2031 477 2094 bellum
515 2054 636 2093 non
676 2051 750 2093 ex
785 2030 882 2092 sua
921 2030 1204 2092 sententia
1241 2030 1519 2090 indictum
1561 2032 1791 2096 Antio-

259 2115 376 2174 cho
401 2160 421 2186 ,
461 2115 714 2196 primhm
751 2114 968 2173 civitati
1003 2112 1114 2176 suae
1160 2131 1323 2172 arma
1365 2111 1623 2174 illaturos
1652 2135 1795 2177 cre-

263 2193 501 2258 debant.
553 2195 720 2257 Mille
765 2195 834 2254 iis
885 2191 1112 2275 pedites
1155 2213 1290 2254 cum
1330 2192 1480 2255 duce
1526 2193 1795 2260 Cretensi

259 2273 541 2356 Euphane
564 2277 690 2338 sunt
721 2273 888 2337 miffi.
908 2273 1277 2357 Epirotarum
1297 2276 1513 2370 legatio
1529 2279 1666 2338 erat
1682 2280 1796 2338 mi·
1820 2281 1835 2308 ²

260 2361 420 2420 nime
454 2362 516 2419 in
561 2378 784 2439 partem
819 2357 996 2418 ullam
1025 2358 1191 2418 liberi
1227 2375 1326 2419 aut
1351 2358 1623 2437 iimplicis
1663 2362 1795 2420 ani-
1840 2393 1849 2398 ·

258 2443 366 2501 mi.
390 2440 570 2520 Apud
597 2459 798 2521 regem
818 2439 1058 2520 gratiam
1083 2440 1285 2499 initam
1310 2439 1630 2514 volebanb,
1657 2459 1797 2504 cum

259 2541 338 2582 eo
381 2540 444 2580 ut
479 2537 752 2581 caverent
784 2539 860 2580 ne
899 2519 1037 2601 quid
1061 2517 1429 2582 offenderent
1450 2519 1797 2598 Romanos;

258 2602 544 2684 petebant
577 2603 734 2661 enim
755 2645 777 2672 ‚
821 2617 851 2680 3
893 2600 1030 2680 nese
1058 2620 1249 2662 temere
1278 2604 1337 2662 in
1366 2603 1591 2682 caufizm
1612 2605 1798 2664 dedu·-

259 2702 400 2744 ceret
420 2728 444 2758 ,
477 2684 750 2763 expositos
777 2681 1044 2742 adversz'cs
1069 2682 1297 2743 Italiam
1324 2705 1428 2766 pro
1462 2687 1609 2745 omni
1632 2687 1798 2748 Grae·

261 2767 353 2826 cia
374 2810 398 2836 ,
441 2766 497 2825 δ’
528 2763 737 2845 primos
784 2764 1018 2844 impettqs
1051 2767 1422 2825 Romanorum
1452 2775 1798 2850 excepturos.

262 2849 379 2908 Sed
391 2847 453 2924 fi
485 2845 598 2928 ipse
637 2842 806 2926 poffit
843 2842 1168 2926 terrestribus
1192 2847 1586 2928 navalibusque
1617 2851 1799 2930 copiis
1878 2907 1881 2912 .

257 2930 536 3010 praefidere
579 2929 758 3010 Epiro
780 2971 800 3002 ,
847 2927 1044 3010 cupid&
1082 2951 1203 2990 eum
1243 2951 1426 2990 omnes
1448 2931 1718 3010 Epirotas
1739 2931 1797 2992 6·

340 3055 375 3090 2
410 3039 736 3105 Veniebat-J
780 3039 950 3104 Legati
975 3057 994 3092 t
1067 3053 1257 3093 temere
1296 3041 1346 3092 in
1384 3041 1571 3093 causam
1610 3041 1795 3110 regiam

265 3122 324 3164 ut
337 3114 397 3161 ab
417 3112 661 3178 Epirotis,
691 3113 743 3164 δι
763 3115 824 3162 ab
841 3113 996 3166 Eleis.
1071 3115 1363 3166 descendere
1387 3149 1405 3176 ,
1439 3127 1603 3184 partes
1638 3116 1801 3186 regias

345 3197 376 3248 3
395 3184 474 3235 Ne
483 3181 536 3250 se
555 3201 724 3236 temere
741 3185 792 3235 in
812 3185 1000 3255 causam
1068 3189 1313 3258 amplesti.

267 3257 585 3327 deduceret-J
619 3259 669 3311 N
673 3275 703 3312 e
749 3261 906 3314 vellet
945 3261 1000 3316 se

1332 3327 1517 3432 9³1,
1696 3297 1920 3427 pf
