2300 3859
542 212 598 279 L
649 225 680 278 1
731 220 777 276 Β
835 212 881 277 ιὲ
929 224 977 277 n
1078 206 1154 277 X
1177 206 1251 279 X
1277 206 1351 279 X
1372 204 1427 279 1.
1672 231 1771 305 47

220 300 449 390 'dignius
481 303 605 385 effic
623 350 646 377 ,
667 324 830 386 quum
873 300 1173 382 tulffmus
1206 327 1361 385 opem
1380 326 1408 377 ;
1445 304 1501 365 6·
1531 303 1769 389 fatigati
1781 325 2015 392 U‚c‚552;

220 410 394 471 prope
433 409 532 468 per
563 389 855 449 triennium
887 386 1034 446 terni
1067 388 1307 468 marique
1336 387 1465 446 urbe
1487 388 1769 467 munitiffi‘-
1780 392 2014 449 a.C.2000

225 470 319 529 md
352 469 731 551 oppugnanda*
763 466 1022 547 estimas,
1057 488 1221 547 quum
1246 464 1371 547 jam
1396 469 1505 548 ipsi
1521 472 1774 551 Syracu-

213 551 353 632 sani
373 550 585 635 set-vire
607 552 864 631 tyrannis
882 595 901 623 ,
923 550 1086 629 quam
1107 548 1238 631 capi
1259 572 1297 607 a
1318 551 1475 611 nobis
1500 552 1731 612 mallent
1745 596 1773 625 ,

225 650 453 712 captam
495 632 688 712 iisdem
728 633 898 691 armis
933 632 989 692 6·
1025 630 1317 691 liberatam
1354 632 1535 691 urbem
1579 634 1774 693 reddi·-

277 716 290 727 '
347 736 438 773 us.
461 716 556 774 Ne
594 736 664 774 ue
689 714 910 793 inficias
935 712 1079 774 imus
1093 757 1118 785 ‚
1139 712 1400 773 Siciliam
1424 714 1775 795 provinciam

227 716 462 876 mmm
491 737 590 874 eſjg
611 839 634 867 ,
663 796 719 856 6·
753 797 1009 857 civitates
1042 814 1162 875 quae
1196 795 1256 853 in
1286 811 1446 875 pam
1474 796 1779 878 Carthagi-

231 878 497 956 niensium
521 875 750 957 fiterunt
771 922 791 951 ‚
830 878 886 937 6·
909 898 1020 939 uno
1047 876 1234 957 animo
1267 896 1388 935 cum
1414 874 1551 935 illis·
1575 878 1785 936 advet-

233 958 334 1019 sics
357 980 461 1017 nos
485 959 687 1018 bellum
713 956 976 1041 geffimnt
999 1002 1018 1031 ‚
1047 974 1076 1038 3
1094 958 1491 1037 stipendiarias
1528 958 1685 1018 nobis
1709 978 1780 1018 ae

237 1038 530 1123 vebligales
565 1038 663 1121 effe
687 1061 705 1099 .·
726 1042 859 1121 quin
895 1040 1084 1101 contra
1103 1081 1128 1111 ,
1149 1038 1253 1099 hoc
1288 1038 1345 1100 6·
1378 1061 1476 1099 vos
1513 1039 1569 1100 6·
1598 1060 1788 1101 omnes

233 1138 422 1205 gentes
448 1120 592 1200 scire
613 1123 870 1183 volumus
888 1164 914 1197 ,
939 1142 1043 1201 pro
1077 1122 1268 1181 merito
1298 1121 1491 1201 cuique
1528 1142 1653 1203 erga
1678 1142 1789 1181 nos

227 1202 516 1284 fhrmnam
551 1200 672 1283 effe.
700 1207 802 1263 An
831 1204 1238 1283 Campanorum
1268 1222 1478 1285 poenae3
1502 1220 1544 1276 4
1570 1202 1636 1261 de
1670 1223 1787 1283 qua·

237 1306 410 1364 neque
448 1283 554 1365 ipsi
587 1286 804 1365 quidem
847 1285 999 1365 queri
1032 1281 1251 1363 poffimt
1272 1326 1297 1357 ,
1326 1306 1427 1343 nos
1462 1285 1724 1364 paeniteat
1746 1282 1785 1341 ?

244 1367 337 1426 Hi
363 1367 604 1426 homines
621 1410 646 1438 ,
681 1386 845 1447 quum
872 1387 978 1446 pro
1001 1364 1075 1424 iis
1096 1364 1299 1424 bellum
1324 1364 1590 1426 adversita·
1615 1368 1791 1425 Sam-

244 1448 388 1508 nites
429 1468 532 1530 per
569 1469 748 1510 annos
793 1468 896 1528 pro
935 1470 964 1506 e
1009 1446 1213 1528 septica
1256 1446 1367 1507 'nta
1411 1465 1533 1505 cum
1572 1447 1789 1547 magnis

245 1528 437 1609 nostris
456 1529 712 1589 cladibus
731 1468 1044 1611 geffiffgmus
1065 1570 1089 1599 ,
1118 1530 1177 1611 ip
1203 1552 1269 1589 os
1286 1525 1492 1608 foedere
1556 1529 1747 1589 timum
1764 1571 1791 1600 ,

246 1610 446 1669 deinde
485 1612 754 1671 connubio
798 1628 959 1690 atque
1004 1609 1134 1668 inde
1180 1611 1491 1691 cognationi
1530 1630 1595 1670 us
1624 1652 1645 1683 .
1676 1630 1793 1691 po·

230 1690 432 1775 μ[ἔνεηιὸ
463 1684 685 1752 civitate
720 1692 877 1751 nobis
904 1688 1363 1771 conjunxiffemus
1386 1734 1406 1765 ,
1426 1708 1658 1772 tempore
1693 1711 1795 1750 no-

233 1776 351 1854 stro
371 1773 599 1853 advefi)
619 1772 786 1853 primi
807 1773 1046 1833 omnium
1064 1771 1251 1831 Italioe
1267 1772 1597 1854 populorum
1610 1816 1634 1843 ,
1650 1792 1795 1853 pm·

237 1856 390 1934 fidio
415 1857 586 1937 nostro
604 1854 752 1933 f'oede'
777 1852 1050 1934 interfeblo
1072 1896 1095 1927 ‚
1118 1854 1200 1912 ad
1222 1852 1562 1915 Annibalem
1586 1853 1797 1933 desece-

251 1954 379 1996 rum
402 1957 422 1996 .·
441 1938 636 1996 deinde
663 1938 938 2017 indignati
965 1934 1030 2015 fi
1064 1934 1294 2013 obsideri
1321 1956 1359 1993 a
1380 1935 1538 1995 nobis
1554 1978 1579 2007 ,
1603 1935 1800 1995 Anni-

251 2018 432 2077 balem
458 2019 540 2077 ad
570 2018 992 2099 oppugnandam
1011 2019 1249 2077 Romam
1281 2014 1555 2093 miserunt.
1581 2016 1798 2077 Horum

239 2100 300 2179 fi
327 2118 500 2179 neque
525 2099 656 2158 urbs
673 2098 834 2179 ipsa,
851 2120 1020 2178 neque
1048 2098 1207 2157 homo
1230 2098 1512 2177 quisquam
1536 2096 1799 2179 superes-

244 2179 332 2259 fit
356 2226 378 2254 ,
414 2183 541 2261 quis
567 2178 761 2239 durias
795 2180 958 2258 qua'm
988 2200 1094 2259 pro
1129 2180 1317 2239 merito
1349 2178 1585 2261 ipfimcm
1610 2180 1800 2263 statu-

257 2280 370 2321 tum
398 2262 680 2345 indignari
706 2258 876 2343 poffit
891 2262 923 2319 ἓ
942 2261 1146 2321 Plures
1156 2260 1375 2337 sibimet
1400 2260 1507 2341 ipfi
1525 2260 1806 2341 conscien-

259 2343 346 2402 tici
366 2342 630 2421 foderum
668 2361 884 2403 mortem
916 2340 1291 2420 confiiverunt
1311 2384 1335 2413 ,
1368 2343 1531 2419 quam
1567 2363 1606 2400 a
1644 2342 1805 2403 nobis

249 2423 536 2505 fhpplicio
583 2421 758 2504 affeeli
799 2424 954 2501 fimt-
1000 2424 1203 2481 Ceteris
1238 2421 1319 2481 ita
1353 2422 1614 2503 oppidum
1650 2466 1669 2497 ,
1720 2424 1805 2483 ita
1874 2426 1883 2437 “

262 2526 302 2571 a
365 2526 428 2565 os
448 2507 749 2581 ademimus
771 2548 796 2577 ,
819 2522 881 2564 ue
913 2524 1102 2586 agrum
1137 2504 1421 2583 locumque
1444 2505 1521 2561 ad
1544 2503 1808 2565 babitan-
1888 2562 1893 2567 .

303 2606 398 2645 um
431 2588 681 2647 daremus
699 2607 728 2659 ,·
763 2586 944 2644 urbem
982 2586 1271 2645 innoxiam
1292 2584 1439 2665 stare
1483 2585 1807 2646 incolumem

259 2684 573 2749 pateremur
597 2690 616 2728 .·
639 2684 702 2730 ut
730 2666 828 2747 qui
859 2666 1021 2729 hodie
1051 2667 1243 2726 videat
1278 2687 1396 2725 eam
1418 2708 1442 2737 ,
1466 2665 1680 2726 nullum
1710 2688 1810 2749 op·

257 2766 521 2835 pugnata
553 2768 794 2831 captoeve
821 2748 899 2808 ibi
935 2747 1210 2829 vestigium
1239 2747 1509 2808 inveniat.
1537 2750 1653 2807 Sed
1676 2750 1812 2829 quid

263 2882 467 2943 tannis,
503 2882 585 2949 qui
617 2897 682 2933 ne
711 2881 998 2949 Syracusani
1151 2892 1180 2947 3
1234 2879 1585 2949 Stipendiarias
1605 2912 1663 2933 .·.
1686 2916 1703 2932 .
1750 2899 1811 2934 ae

267 2958 465 3023 quidem
487 2956 637 3007 effent
652 2989 668 3014 ‚
693 2954 861 3023 quales
882 2957 1004 3007 mul·
1075 2954 1375 3023 vestigalem]
1387 2952 1504 3009 vid.
1528 2966 1635 3007 not.
1660 2968 1689 3023 3
1706 2988 1723 3015 s
1743 2956 1807 3011 ad

266 3031 309 3079 ti
343 3030 461 3081 olim
493 3028 737 3099 Syraeufis
771 3030 999 3086 fuerant,
1077 3028 1204 3079 XXI
1230 3062 1249 3088 ‚
1279 3043 1372 3091 41·

263 3104 357 3154 sed
385 3139 402 3167 ,
439 3106 538 3170 q‘uo
591 3120 674 3154 tes
717 3102 835 3154 esset
875 3104 1002 3153 indi·
1147 3116 1184 3163 4
1204 3100 1289 3153 De
1312 3120 1403 3169 qua
1430 3117 1576 3170 neque
1599 3100 1689 3171 ἱρῇ
1703 3099 1804 3170 qui-

267 3177 415 3247 gnior
433 3210 452 3234 ‚
485 3176 703 3231 externi.
734 3176 1002 3245 Epicydem
1075 3176 1195 3225 dem.
1215 3180 1243 3250 ]
1263 3176 1468 3231 Scribe:
1500 3193 1560 3230 ne
1585 3175 1674 3253 iffi
1704 3174 1807 3247 qui:

265 3250 326 3308 δὲ
361 3250 719 3321 Hippocratem
752 3250 1004 3326 intelligit.
1075 3250 1203 3325 aem„
