2300 3859
484 205 542 283 L
594 225 623 282 ι·
676 221 719 281 Β
773 221 817 283 E
865 228 917 283 R
1014 202 1506 285 XXXVII.
1650 226 1788 307 473

252 318 324 367 tu
342 342 363 379 9
398 309 539 369 nihil
574 310 799 391 gladios
820 326 919 371 aut
938 310 1053 389 pila
1088 310 1420 371 hebetabat.
1439 309 1646 391 Regii,
1671 324 2034 389 tamum-615

168 421 179 427 *
255 377 373 449 lata
418 394 541 451 acie
562 436 582 465 ‚
615 412 689 453 ne
723 412 795 451 ex
822 392 1020 452 medio
1042 393 1279 471 quidem
1308 413 1524 452 cornua
1553 392 1648 451 sua
1679 392 2035 459 εἰν-ωαψς.

256 469 613 552 cumspicere
651 490 963 553 poterant,
998 474 1215 533 nedum
1259 476 1504 535 extremi
1542 476 1692 533 inter
1729 474 1788 535 se

254 548 725 635 conspicerentur
756 574 771 613 2
814 556 896 615 8(-
918 555 1129 615 humor
1191 577 1351 617 arcus
1371 601 1394 627 ,
1429 554 1746 637 fundasque
1769 600 1792 633 ,

212 646 229 665 ⁸
258 630 325 692 &
352 630 681 712 jaculorum
703 651 937 698 amenta
972 636 1320 715 emollierat.
1357 636 1402 697 F
1407 636 1602 696 alcatae
1631 658 1788 718 quo·-
1835 634 1847 643 '¹

254 727 369 793 que
392 718 687 798 quadrigae
704 762 723 793 ,
747 719 953 798 quibus
977 718 1032 797 se
1054 718 1517 799 perturbaturum
1539 718 1789 779 hostium

252 797 441 857 aciem
474 798 807 860 Antiochus
832 798 1156 878 crediderat
1176 846 1194 873 ‚
1234 804 1294 859 in
1337 800 1468 861 suos
1501 810 1820 861 terrorem'

254 876 559 941 verterunt
577 900 595 953 ;
618 898 849 941 armatae
880 898 1073 953 autem
1106 885 1165 941 in
1197 881 1348 941 hunc
1372 881 1620 941 maxime
1655 903 1790 941 mo-

259 957 402 1019 dum
446 980 609 1023 erant
644 984 658 1021 ε
696 982 730 1021 2
767 962 1025 1043 cuspides
1062 965 1214 1024 circa
1251 983 1556 1026 temonem
1589 961 1661 1023 ab
1703 960 1793 1041 ju·-

301 1062 339 1101 o
376 1041 585 1105 decem
625 1045 819 1105 cubita
852 1044 1137 1109 exstantes
1162 1090 1181 1121 ,
1201 1046 1365 1105 velut
1396 1066 1611 1107 cornua
1639 1090 1658 1117 ‚
1684 1044 1792 1105 ha·-

256 1060 477 1186 fiebant
505 1127 771 1205 ‚quibus
794 1170 817 1201 ‚
867 1128 1142 1209 quicquid
1201 1128 1448 1186 obvium
1515 1127 1744 1186 daretur
1766 1170 1788 1199 ,

259 1204 666 1287 transfigerent
703 1226 719 1266 t
766 1208 828 1268 ὃ(
863 1210 921 1267 in
961 1210 1237 1268 extremis
1272 1206 1420 1289 jugis
1453 1206 1602 1266 binae
1637 1206 1789 1267 circa

258 1287 596 1367 eminebant
646 1286 823 1349 falces
846 1333 865 1362 ‚
906 1289 1085 1349 altera
1120 1286 1517 1369 aequatajugo
1539 1334 1562 1360 ‚
1609 1290 1790 1349 altera

260 1363 501 1429 inferior
524 1370 583 1427 in
616 1385 833 1429 terram
867 1370 1129 1443 devexa3
1169 1370 1304 1445 illa,
1325 1381 1400 1429 'u't
1421 1370 1693 1451 quicquid
1716 1371 1790 1437 ah

257 1446 442 1510 latere
476 1447 827 1527 objiceretur
848 1496 867 1525 ‚
908 1450 1310 1526 abscinderet,
1351 1452 1514 1525 haec,
1556 1468 1617 1511 ut
1646 1472 1794 1533 pro-f

261 1528 451 1610 lapsos
476 1550 503 1611 3
532 1530 950 1615 subeuntesque
974 1536 1374 1617 contingeret3
1397 1535 1538 1595 item
1565 1534 1636 1593 ab
1671 1534 1796 1613 axi-3

262 1611 371 1671 bus
410 1631 667 1673 rotarum
706 1617 994 1697 utrimque
1038 1614 1184 1675 binae
1231 1615 1445 1677 eodem
1481 1615 1667 1675 modo
1705 1614 1796 1675 di-

260 1691 442 1753 versae
490 1694 887 1777 deligabantur
920 1696 1120 1760 falces·
1164 1695 1260 1759 Sic
1299 1715 1542 1758 armatas
1566 1694 1798 1777 quadri·

261 1794 361 1917 {as
388 1820 407 1848 ‚
448 1778 582 1857 quia
624 1776 672 1835 si
692 1779 757 1839 in
788 1795 1054 1839 extremo
1080 1824 1100 1853 ‚
1138 1796 1237 1838 aut
1271 1780 1328 1847 in
1361 1778 1561 1841 medio
1589 1780 1796 1842 ‚locatae

246 1860 254 1869 ’
292 1876 499 1939 orent,
537 1878 639 1939 per
661 1856 791 1919 suos
822 1882 857 1919 a
901 1860 1065 1920 endae
1089 1876 1250 1919 erant
1275 1906 1294 1933 ‚
1329 1854 1388 1919 in
1416 1862 1601 1941 prima
1625 1861 1748 1919 acie
1773 1903 1797 1931 ,

262 1938 495 2011 prante
540 1937 752 1999 dietum
802 1960 835 2000 e
902 1987 923 2013 ‚
958 1942 1256 2003 locaverat
1296 1961 1420 2001 rex.
1461 1938 1650 2019 Quod
1698 1940 1799 2001 ubi

265 2018 557 2079 Eumenes
579 2018 727 2080 vidit
756 2066 775 2093 ,
824 2020 978 2081 haud
1000 2024 1230 2103 ignarus
1255 2044 1462 2103 pugnae
1489 2067 1506 2094 ,
1532 2022 1594 2081 ὃ(
1621 2020 1796 2102 quam

265 2121 481 2181 anceps
512 2100 651 2160 effer
682 2101 875 2161 auxilii
904 2122 1083 2186 genus
1103 2149 1122 2179 ,
1148 2102 1190 2163 fi
1259 2105 1342 2162 uis
1365 2082 1646 2182 paivorem
1670 2124 1798 2163 ma·
1841 2148 1855 2161 ,

266 2184 355 2265 gis
402 2202 433 2243 e
480 2184 563 2243 uis
609 2178 908 2262 injiceret,
950 2184 1123 2266 quam
1161 2124 1307 2265 ᾗιιᾍὲι
1329 2186 1650 2245 adoriretur
1688 2205 1802 2263 pu·
1871 2212 1875 2214 ·

262 2264 381 2347 gna
398 2310 419 2342 ,
440 2204 751 2335 {retenses
772 2264 1093 2349 sagittarios
1112 2312 1132 2343 ,
1169 2266 1602 2349 funditoresque
1620 2312 1640 2343 ,
1667 2266 1799 2346 45&

340 2462 374 2498 2
392 2444 653 2515 Cuspides..
672 2450 826 2499 decem
840 2447 999 2499 cubita

268 2521 549 2589 exstantes]
577 2521 811 2573 Viderunt·
832 2524 997 2589 legere

270 2594 453 2645 debere
480 2594 635 2645 cubito
656 2610 673 2643 .·
697 2612 758 2645 ne
781 2596 998 2647 immanis

266 2664 323 2720 fit
343 2666 531 2717 illarum
564 2666 807 2732 cuspidum
840 2670 999 2737 longi·

266 2742 421 2801 tudo,
450 2742 500 2793 &
522 2740 653 2791 simul
678 2756 731 2793 ut
752 2742 999 2809 cuspidum

266 2816 431 2867 currui
464 2816 724 2884 unicuique
755 2812 999 2869 affixarum

264 2908 496 2942 numerus
509 2903 727 2942 notetur.
742 2890 1001 2943 Exffabant

264 2966 412 3032 igitur
434 2982 497 3015 ex
524 2982 821 3033 unoquoque
854 2984 998 3017 curru

269 3039 441 3087 decem
480 3039 699 3105 cuspides
744 3040 805 3089 ad
846 3039 997 3091 cubiti

268 3111 413 3162 unius
445 3112 809 3179 longitudinem.
904 3122 910 3151 ἴ

335 3197 359 3247 3
378 3183 783 3253 Subezentes.}Eos
802 3186 883 3253 qui
897 3186 999 3237 sub·

258 3252 361 3313 *tus
380 3259 618 3311 accedere
645 3264 958 3313 conarentur.

1144 2462 1180 2510 4
1224 2448 1294 2497 Et
1335 2448 1632 2515 jaculatores
1675 2447 1802 2514 equi-

1072 2536 1186 2571 tum.
1207 2518 1314 2587 JEt
1338 2539 1400 2571 ex
1420 2522 1660 2589 equitibus
1679 2554 1695 2578 ,
1713 2538 1803 2593 eos

1074 2596 1156 2661 qui
1188 2594 1478 2660 jaculatores
1505 2594 1672 2647 essent.
1701 2594 1800 2647 Nifi

1073 2668 1107 2719 st
1126 2667 1254 2719 forte
1277 2670 1454 2737 aliquid
1478 2667 1558 2719 hic
1581 2667 1760 2719 excidit
1785 2702 1804 2731 ,

1076 2744 1218 2810 quale
1241 2743 1359 2793 effet
1379 2762 1478 2793 cum
1501 2744 1685 2811 aliquot
1707 2758 1805 2793 tur·

1073 2816 1160 2867 mis
1209 2818 1426 2885 equitum.
1485 2818 1618 2869 Infra
1674 2818 1804 2868 enim

1046 2905 1283 2959 ·quatuor
1313 2892 1496 2943 diversa
1529 2908 1707 2960 genet-a
1727 2892 1806 2941 di-

1072 2966 1372 3035 stinguuntur
1396 2982 1566 3016 eorum
1586 2966 1664 3031 qui
1690 2980 1806 3034 qua·-

1072 3040 1232 3107 drigas
1252 3042 1356 3089 illas
1379 3041 1670 3105 expulerunt
1699 3053 1714 3087 t
1738 3038 1807 3086 Ie·

1072 3113 1145 3162 vis
1165 3128 1402 3163 armatura
1421 3145 1443 3171 5
1459 3108 1671 3178 expediti
1691 3108 1808 3175 fim-

1074 3186 1251 3235 ditores
1276 3220 1300 3247 ,,
1330 3186 1475 3237 velox
1519 3183 1748 3251 Cretensis
1783 3216 1811 3245 5

1074 3277 1233 3329 eques·
