2300 3859
389 150 635 322 ἰξῷ.
835 211 1179 283 T1·r1.

1273 212 1747 281 L1VI1·

252 328 591 393 U.e.561.JIC1
615 305 732 369 tela
766 305 826 367 in
869 327 1060 368 arcem
1097 304 1495 388 poffintzcum
1518 306 1756 388 dimidia
1785 305 2039 375 militum

254 397 657 470 a-C0191zparte
693 388 890 450 consul
929 389 1002 449 ab
1049 390 1193 448 urbe
1231 387 1557 450 ascensurus
1594 391 1653 448 in
1690 407 1925 461 arcem,
1960 385 2037 445 fi-

495 469 678 552 g'num
731 470 804 529 ab
851 471 919 529 iis
969 472 1068 550 qui
1107 470 1179 530 ab
1231 486 1401 551 tergo
1444 473 1504 530 in
1556 488 1765 549 rupem
1810 466 2037 528 evasuri

495 565 694 623 erant,
716 549 1103 630 exspec'tabat.
1137 549 1278 611 Non
1304 553 1489 612 tulere
1514 554 1611 632 qui
1636 553 1695 610 in
1719 569 1851 610 arce
1871 567 2039 610 erant
2132 613 2139 620 ,

498 631 681 692 AEtoli
717 635 970 714 primum
1007 652 1213 692 eorum
1255 635 1354 713 qui
1377 653 1579 712 rupem
1617 628 1897 712 ceperant
1923 630 2043 689 cla-

495 733 734 774 morem
761 758 779 788 ,
817 713 1032 775 deinde
1073 715 1362 794 impetum
1400 715 1472 773 ab
1525 712 1665 774 urbe
1718 711 2043 771 Romano-

499 815 630 854 rum
657 815 676 867 3
711 795 776 854 &
811 793 1001 854 fraffis
1041 792 1161 871 jam
1197 797 1405 855 animis
1432 841 1449 868 ,
1483 795 1546 853 ὃ(
1579 793 1737 854 nulla
1777 793 1853 852 ibi
1886 813 2043 873 prae-
2118 795 2127 800 ”

503 869 707 956 parata
745 895 806 936 re
843 876 914 935 ad
956 875 1327 938 obsidionem
1366 877 1576 936 diutius
1620 873 1987 936 tolerandam
2035 891 2054 933 ε

502 973 716 1036 utpote
755 959 1122 1038 congregatis
1160 957 1428 1030 feminis,
1468 955 2047 1037 puerisque‚'&im-

503 1036 652 1098 belli
690 1036 801 1100 alia
833 1037 1002 1097 turba
1023 1039 1081 1096 in
1113 1057 1343 1111 arcem,
1384 1059 1512 1118 quae
1533 1041 1632 1098 vix
1662 1057 1905 1118 capere,
1934 1055 2048 1096 ne-

505 1117 650 1177 dum
678 1119 826 1177 tueri
873 1119 1301 1179 multitudinem
1328 1135 1550 1178 tantam
1587 1117 1809 1198 poss'et3
1844 1119 2046 1196 itaque

504 1199 582 1258 ad
623 1203 874 1279 primum
931 1202 1216 1279 impetum
1271 1198 1504 1278 abjeffis
1546 1202 1753 1273 armis,
1798 1199 2049 1259 dedide-

507 1297 645 1340 runt
675 1280 813 1340 sese.
849 1278 1122 1342 Traditus
1142 1283 1293 1341 inter
1327 1300 1555 1342 ceteros
1584 1282 1854 1361 princeps
1880 1280 2053 1340 AEto-

507 1361 700 1421 lorum
733 1361 1113 1422 Damocritus
1145 1361 1226 1423 est
1256 1365 1387 1444 :qui
1428 1365 1714 1442 principio
1756 1361 1895 1422 belli
1936 1361 2049 1419 de-

513 1459 741 1502 cretum
778 1443 1113 1504 AEtolorum
1140 1488 1159 1514 ‚
1252 1465 1328 1520 uo
1388 1441 1781 1504 arcessendum
1826 1443 2047 1502 Antio·

511 1523 686 1582 chum
715 1521 1084 1597 censuerant,
1109 1522 1188 1584 T.
1290 1525 1473 1584 u’intio
1502 1523 1769 1607 poscenti
1805 1523 2051 1603 respon-

511 1602 678 1663 derat
698 1647 716 1673 ‚
753 1603 821 1663 In
847 1605 1026 1665 Italia
1052 1608 1309 1664 daturum
1328 1649 1347 1678 ,
1384 1629 1543 1684 quum
1580 1607 1750 1686 castra
1774 1607 1851 1664 ibi
1873 1609 2052 1665 AEto·

513 1685 561 1744 lc·
588 1683 881 1764 pofiuffbnt
898 1707 926 1756 ;
963 1687 1044 1744 ob
1084 1705 1216 1750 eam
1264 1685 1541 1747 ferociam
1586 1684 1769 1768 majus
1804 1686 2055 1764 viam-i-

481 1767 484 1770 ’
515 1765 626 1824 bus
665 1766 935 1841 gaudium
952 1807 960 1815 ·
979 1767 1217 1826 traditus
1243 1765 1379 1826 fnit.

561 1893 566 1897 .
603 1845 802 1906 XXV.
844 1845 1072 1906 Eodem
1099 1863 1418 1928 -tempore,
1460 1867 1579 1929 quo
1617 1845 1871 1907 Romani
1915 1845 2052 1905 He-

515 1926 769 1986 racleam
793 1971 812 2001 ‚
849 1927 1144 2010 Philippus
1185 1925 1445 1990 Lamiam
1484 1949 1555 1990 ex
1582 1926 1913 2010 composito
1944 1932 2057 2007 op·

459 2079 462 2082 ἢ
516 2009 846 2089 pugnabat3
877 2010 1027 2069 circa
1065 2008 1506 2093 Thermopylas
1539 2029 1671 2069 cum
1705 2007 1938 2070 consule
1962 2027 2058 2068 re-

525 2088 744 2150 deunte
791 2106 862 2150 ex
894 2089 1126 2151 Boeotia
1148 2135 1167 2163 ,
1202 2107 1263 2150 ut
1299 2091 1603 2151 victoriam
1640 2089 1743 2172 ipfi
1790 2090 2057 2171 populo-

520 2189 638 2250 que
682 2168 957 2231 Romano
993 2171 1414 2252 gratularetur3
1447 2170 1739 2232 excusaret
1824 2191 1857 2231 e
1888 2170 2055 2252 quod

521 2249 738 2309 morbo
779 2252 1092 2332 impeditus
1127 2252 1287 2312 bello
1337 2273 1461 2313 non
1504 2251 1735 2314 interfui
1782 2269 1877 2326 et,
1910 2273 2058 2311 con·-

521 2327 780 2410 gress'us3
817 2333 954 2392 inde
995 2331 1205 2391 diver-fi
1239 2334 1311 2404 ad
1334 2334 1475 2394 duas
1497 2331 1661 2392 simul
1702 2352 2057 2414 oppugnan-

519 2411 624 2471 das
650 2412 819 2472 urbes
857 2411 1120 2493 profeffl.
1147 2413 1433 2475 Intersunt
1456 2414 1697 2495 septem
1732 2414 1911 2474 millia
1933 2411 2055 2473 fer-

519 2511 619 2552 me
646 2490 904 2574 paffuum
941 2515 957 2554 ε
991 2515 1030 2569 4
1065 2495 1128 2555 &
1162 2499 1293 2576 quia
1332 2496 1531 2558 Lamia
1555 2517 1733 2578 quum
1761 2493 1948 2578 pofita
1971 2493 2057 2555 est

591 2663 626 2709 4
644 2647 712 2698 Et
727 2647 834 2714 quia
849 2648 1034 2702 Lamia.
1051 2651 1072 2716 ]
1091 2651 1245 2702 Inter·
1322 2652 1388 2704 est
1406 2687 1419 2711 ,
1433 2654 1577 2704 valde
1594 2653 1733 2704 breve
1744 2653 2053 2704 intervallum

509 2717 802 2787 sune,inquit
824 2722 986 2773 Livius
1003 2761 1018 2786 ,
1040 2715 1247 2775 Lamiam
1320 2726 1523 2788 videtur,
1546 2726 1591 2778 6·
1612 2726 1769 2776 omnia
1786 2726 1837 2776 in
1854 2723 2056 2792 conspe-

515 2795 661 2847 inter,
685 2795 734 2845 &
753 2795 1042 2846 Heracleam
1067 2794 1249 2866 septem

517 2867 674 2917 millia
691 2865 898 2934 paffuum
919 2885 934 2918 .·
962 2869 1006 2920 G·
1027 2871 1136 2938 quia
1156 2871 1248 2922 La·

519 2939 613 2988 mia
637 2959 768 3008 quum
796 2941 954 3008 posita
983 2943 1036 2993 in
1069 2946 1247 3006 tumulo

520 3014 586 3076 est
603 3049 618 3072 ‚
646 3031 740 3064 tum
769 3017 1003 3084 regionem
1027 3035 1126 3068 eam
1145 3037 1249 3067 ma·

519 3087 644 3138 xime
663 3122 677 3146 ‚
697 3087 718 3153 (
735 3087 796 3138 fic
818 3092 942 3139 enim
967 3090 1247 3156 mallemus)

520 3177 629 3228 qnae
651 3164 709 3212 ad
737 3163 1022 3214 Heracleam
1052 3166 1211 3232 vergit
1230 3199 1245 3221 ,

523 3233 755 3307 despeaat
773 3271 788 3294 ,
813 3237 988 3307 oppido
1014 3239 1177 3306 quam,
1200 3239 1248 3290 id

1324 2800 1401 2850 ela·
1425 2797 1557 2866 sum.
1586 2801 1897 2852 Intervallum
1921 2800 2054 2850 inter

1324 2873 1440 2924 duas
1467 2875 1610 2924 urbes
1637 2874 1685 2924 &
1718 2891 1804 2938 per
1832 2873 1880 2927 se
1898 2875 2052 2924 breve

1324 2947 1415 3004 est,
1432 2947 1609 3014 quippe
1631 2947 1762 3012 quod
1790 2945 1844 2995 fit
1867 2945 2053 3012 septem

1323 3020 1661 3070 tantummodo
1695 3020 1893 3069 millium
1920 3053 1935 3076 ‚
1956 3017 2054 3068 five

1326 3094 1522 3142 duarum
1552 3093 1697 3159 paulo
1724 3094 1927 3160 amplius
1952 3093 2057 3142 leu-

1324 3181 1485 3215 carum
1510 3162 1770 3216 nostrarum
1798 3184 1813 3223 ;
1834 3165 1883 3216 δι
1910 3167 1973 3216 ob
1998 3165 2057 3214 fi·

1322 3251 1425 3293 tum
1438 3239 1611 3294 Lamiae
1624 3241 1673 3295 in
1686 3241 1873 3292 tumulo
1888 3238 2057 3308 polita
