2300 3859
503 199 640 284 352
839 177 1675 256 T1T1L1vl1

245 281 482 356 U.c.560.
496 303 657 362 quum
697 280 1012 342 miraremur.
1035 325 1052 353 ,
1091 279 1234 340 unde
1269 281 1359 340 illi
1382 301 1443 339 eo
1483 297 1714 360 tempore
1748 273 1889 338 anni
1908 291 2030 338 tam

253 356 480 425 a·(·3·192·
495 364 670 423 multa
709 364 776 440 ὣ
795 363 960 421 varia
984 364 1207 429 venatio
1226 383 1251 433 ,·
1272 363 1429 434 homo
1446 384 1571 430 ,non
1596 361 1758 440 quam
1796 361 1878 439 isti
1888 359 2030 438 sun'1

306 451 314 460 '
485 445 757 526 gloriosus
789 487 809 516 ,
858 445 1108 502 renidens
1126 487 1147 516 ,
1187 444 1543 504 condimentis
1589 443 1669 501 ait
1703 443 2033 502 varietatem

491 524 652 582 illam
676 568 697 595 ‚
731 526 786 584 dr
813 523 1046 604 speciem
1065 521 1263 602 'firinae
1282 524 1468 583 carnis
1484 569 1506 594 ,
1528 546 1598 583 ex
1634 515 1910 600 mansueto
1921 520 2029 600 suc

393 624 410 629 ·
476 603 709 682 flabiam.
736 604 862 665 Hoc
893 599 1006 666 dici
1040 607 1166 686 apt&
1187 607 1246 664 in
1274 608 1466 686 copias
1495 605 1630 685 regis
1648 647 1672 676 ,
1710 623 1827 683 qua
1852 601 2031 682 paul&

493 689 621 745 ante*
649 685 874 765 jaffatae
899 688 1015 765 sint
1035 731 1054 759 ‚
1085 684 1252 767 poffi.
1306 686 1480 748 Varia
1520 686 1658 744 enim
1700 707 1897 766 genera
1932 704 2035 744 ar-

494 787 698 826 morum
717 811 736 839 ,
781 768 834 826 6·
867 769 1040 826 multa
1078 770 1301 827 nomina
1336 767 1572 848 gentium
1604 767 1985 826 inauditarum
2005 807 2033 836 ,

492 849 740 921 Dahas,
775 848 831 907 ἃ*
874 851 1114 921 Medos,
1154 849 1209 908 δ’
1252 849 1557 926 Cadusios,
1600 848 1654 907 δ’
1700 848 2030 925 Elymaeos,
2111 885 2125 898 ι

494 933 669 1008 Syros
708 951 888 989 omnes
926 928 1023 1008 eſji·
1063 951 1080 988 :
1117 931 1272 989 haud
1300 931 1475 1009 paulo
1496 929 1890 1010 mancipiorum
1906 948 2034 1005 me·
2085 988 2089 991 ,

493 1010 608 1070 liics
632 1055 654 1082 ,
691 1028 910 1089 propter
933 1011 1163 1088 servilia
1196 1011 1414 1091 ingenia
1438 1053 1457 1082 ,
1480 1010 1639 1090 qua'm
1675 1011 1907 1070 militum
1924 1031 2035 1090 ge-

495 1113 618 1168 nus?
660 1093 739 1149 Et
776 1093 986 1150 utinam
1012 1087 1285 1169 subjicere
1326 1092 1707 1172 oculis-vestris
1727 1133 1751 1162 ,
1794 1091 2033 1162 Achaei,

488 1169 693 1254 poffim
732 1171 1191 1251 concursationem
1236 1173 1377 1253 regis
1411 1171 1593 1254 magni
1620 1174 1689 1231 ab
1711 1172 2034 1233 Demetria-

495 1255 562 1312 de
586 1297 608 1324 ,
653 1271 798 1312 nunc
823 1255 1078 1313 Lami-am
1102 1255 1164 1312 in
1188 1255 1481 1313 concilium
1503 1254 1825 1314 AEtolorum
1841 1295 1863 1324 ‚
1886 1272 2033 1324 nunc

496 1334 812 1394 Chalcidem
834 1334 869 1391 ἓ
911 1335 1178 1397 Videretis
1208 1338 1313 1395 vix
1329 1337 1559 1394 duarum
1584 1335 1724 1394 mali
1738 1335 2033 1415 plenarum

493 1415 928 1495 legiuncularum
965 1417 1131 1496 instar
1145 1417 1207 1476 in
1231 1419 1414 1494 castris
1444 1438 1499 1474 re
1534 1417 1584 1474 is
1612 1441 1631 1474 .-
1653 1417 1913 1476 videretis
1935 1435 2034 1472 re·-

490 1515 608 1577 gem
634 1540 653 1569 ,
677 1517 835 1562 ‚nunc
865 1498 1258 1556 mendicantem
1287 1519 1456 1578 prope
1472 1437 1804 1577 siumentum
1824 1496 1897 1556 ab
1917 1493 2035 1556 ΑΞ-

493 1576 627 1637 tolis
650 1620 671 1650 ‚
708 1579 855 1656 quod
887 1579 1054 1657 militi
1085 1581 1418 1638 admetiatur
1440 1599 1465 1651 ;
1510 1598 1654 1638 nunc
1688 1581 1905 1637 mutuas
1930 1598 2035 1656 pe-

496 1659 693 1728 cunias
716 1655 925 1735 fanore
958 1659 1018 1718 in
1045 1661 1367 1738 stipendium
1390 1678 1712 1738 -quaerentem
1729 1680 1755 1731 ,·
1782 1679 1929 1718 nunc
1954 1658 2036 1716 ad

491 1754 690 1821 portas
736 1741 1023 1804 Chalcidis
1051 1743 1283 1820 stantem
1308 1785 1329 1814 ‚
1377 1740 1433 1801 δ’
1494 1760 1621 1801 mox
1661 1742 1787 1800 inde
1827 1739 2034 1800 exclu-

489 1819 614 1900 fitm
636 1864 661 1891 ,
703 1821 848 1880 nihil
867 1822 1029 1880 aliud
1062 1822 1221 1901 quam
1253 1822 1466 1882 Aulide
1492 1840 1654 1901 atque
1676 1822 1891 1902 Euripo
1900 1820 2033 1900 spe-
2056 1886 2067 1892 ,

507 1902 663 1960 datis
682 1945 704 1972 ,
741 1904 799 1961 in
835 1899 1107 1966 AEtoliam
1147 1905 1469 1964 redeuntem.
1500 1903 1667 1964 Male*
1694 1905 2035 1964 crediderunt

510 1983 564 2042 δ’
603 1984 918 2044 Antiochus
951 1983 1166 2044 AEtolis
1206 2029 1225 2058 ,
1266 1987 1320 2045 6·
1360 1982 1737 2066 AEtoliregiae
1772 1984 2037 2044 vanitati.

509 2061 636 2144 Quo
675 2065 854 2124 minus
895 2082 996 2124 vos
1030 2068 1213 2145 decipi
1250 2067 1489 2139 debetis,
1515 2063 1621 2144 sed
1646 2083 1877 2146 expertae
1916 2085 2033 2144 po-

505 2145 618 2205 tius
653 2145 1001 2225 spel-'lataque
1036 2151 1409 2224 Romanorum
1434 2148 1575 2226 fidei
1607 2149 1834 2206 credere.
1876 2146 2036 2205 Nam
2076 2192 2089 2205 .

503 2229 652 2306 quod
676 2229 934 2306 optimum
957 2225 1055 2304 effi
1091 2229 1282 2289 dicunt
1303 2271 1325 2298 ‚
1362 2250 1469 2287 non
1495 2229 1767 2307 interponi
1791 2249 1891 2288 vos
1915 2227 2037 2285 bel-

509 2310 566 2368 lo
587 2328 614 2380 ,·
649 2308 791 2366 nihil
815 2309 924 2367 imo
945 2326 1056 2366 tam
1081 2310 1320 2368 alienum
1347 2309 1500 2368 rebus
1526 2310 1711 2389 vestris
1741 2309 1827 2388 est.
1851 2309 2040 2388 Quip-

500 2411 571 2470 pe
600 2389 722 2468 stne
749 2389 931 2470 gratia
954 2431 975 2464 ,
999 2390 1120 2469 sine
1160 2391 1425 2471 dignitate
1447 2433 1471 2462 ,
1502 2390 1782 2471 praemium
1816 2390 2039 2451 viantis

335 2472 679 2542 Achaegeritis.

262 2567 438 2617 bellum
589 2548 656 2612 L.
710 2549 839 2611 Nec
891 2550 1443 2612 absurdie‘advershs
1484 2551 1759 2633 utrosque
1797 2548 2041 2631 respon·

263 2638 438 2691 Antio·
511 2627 650 2692 diffe
691 2631 840 2691 visus
892 2629 1010 2707 est,
1053 2633 1118 2692 &
1155 2631 1324 2694 facile
1358 2651 1479 2696 erat
1512 2636 1842 2695 orationem
1881 2629 2040 2712 apud

265 2715 351 2763 cho
412 2711 460 2761 ὃ·
508 2710 772 2772 faventes
811 2713 986 2793 aequis
1026 2715 1255 2776 auribus
1294 2717 1419 2774 acci
1462 2717 1523 2790 i;
1565 2715 1721 2776 nulla
1746 2715 1905 2776 enim
1926 2731 2041 2774 nec

265 2785 483 2870 AEmfi‘,
510 2791 846 2873 disceptatio
870 2838 890 2866 ‚
930 2812 1038 2856 nec
1095 2789 1379 2858 dubitatio
1418 2737 1528 2857 fuit
1552 2842 1573 2871 ,
1616 2798 1755 2880 quin
1790 2813 2041 2869 omnes,

223 2940 230 2948 ,
267 2877 483 2944 nunciata
509 2873 747 2936 e‘osdem
808 2876 968 2957 genti
1021 2874 1376 2942 Achaeorum
1426 2876 1617 2941 hostes
1670 2878 1737 2938 δι.
1776 2877 1995 2937 amicos
2020 2919 2043 2950 ,

258 2931 444 3004 '‘dm‘'
507 2977 656 3038 quos
701 2957 954 3038 populus
980 2955 1282 3020 Romanus
1306 2957 1599 3020 censuiss'et
1621 3004 1643 3031 ,
1675 2956 2041 3038 judicarent,

473 3039 485 3051 “
509 3037 843 3119 bellumque
884 3039 948 3100 &
990 3038 1291 3102 Antiocho
1315 3085 1334 3116 ,
1372 3039 1436 3106 &
1477 3040 1687 3103 AEtolis
1714 3085 1733 3113 ‚
1784 3037 2045 3098 nunciati

511 3116 803 3200 juberent.
838 3119 1071 3188 Auxilia
1093 3124 1269 3188 etiam
1290 3165 1313 3199 ,
1352 3121 1473 3204 quo
1492 3119 1709 3187 censuit
1729 3118 2049 3203 Quintius,
