2300 3859
422 212 477 282 L
532 231 556 280 1
611 227 653 280 B
707 229 751 280 E
800 233 850 282 R
946 158 1501 282 xxxv1'11.
1595 219 1777 324 '577-

226 305 405 380 ,lorum
443 310 677 389 legiones
705 306 873 387 suiffi
896 307 931 364 ἓ
965 310 1218 369 videritis
1260 310 1319 367 in
1358 309 1477 372 acie
1519 330 1610 368 eos
1639 353 1658 382 ,
1695 333 1754 370 tn
1773 325 2002 390 U.c.565,

226 405 397 448 'cornu
432 408 655 470 utroque
694 390 807 471 (id
846 390 987 448 enim
1036 389 1246 471 'roboris
1283 387 1386 467 effi*
1420 390 1750 472 videbatur)
1775 392 2003 455 a.C.187.

139 509 173 525 ,«
227 466 441 531 locatos
464 471 500 529 ἓ
532 472 914 554 pugnaveritis
936 514 955 543 ,
994 488 1057 529 ut
1102 493 1222 530 cum
1269 471 1497 550 hostibus
1535 469 1700 551 justis
1725 475 1758 533 ἓ

226 553 531 612 cecideritis
557 553 591 610 ἓ
627 552 818 632 spolia
870 572 1049 610 eorum
1097 553 1388 610 retuleritis
1412 554 1446 610 ἓ
1492 571 1534 629 7
1576 555 1778 632 Atqui,

228 647 347 692 c'ttm
372 633 653 694 Antiocho
676 676 696 706 ‚
721 654 830 692 non
867 652 987 691 cum
1026 633 1221 692 Gallis
1258 633 1456 692 bellitm
1497 633 1552 692 6·
1578 635 1767 711 sena--⁴

224 732 316 772 tus
349 717 660 774 decreverat
681 758 704 784 ,
744 714 799 773 6·
829 713 1069 793 populus
1103 711 1332 789 juffirat
1377 714 1532 791 :·fid
1553 716 1766 792 fimul,·

224 812 289 852 ut
328 790 559 874 opinor',
589 797 707 852 cum
743 794 1206 854 hisdecreverant
1229 791 1603 874 juffirantque
1626 839 1645 868 ,
1667 799 1766 876 qui

226 871 536 953 intranjus
572 877 828 957 praefidia
863 872 1092 955 fitffnt
1133 901 1154 932 .-
1195 895 1264 934 ex
1303 876 1499 955 quibus
1518 919 1541 947 ,
1565 896 1765 956 praeter

226 956 569 1017 'Antiochum
601 1001 621 1031 ‚
666 979 784 1018 cum
820 979 925 1037 quo
958 977 1166 1040 pacem.
1187 959 1470 1039 pepigerat
1513 959 1701 1037 Scipio
1735 1002 1758 1031 ,

228 1036 287 1097 6·
322 1058 441 1096 cum
479 1060 585 1118 quo
613 1041 935 1098 nominatim
957 1037 1149 1116 soedus
1184 1057 1244 1097 ut
1259 1039 1419 1116 fieret
1452 1042 1762 1100 mandave-

225 1120 369 1178 ratis
395 1162 415 1192 ‚
446 1139 629 1179 omnes
663 1121 829 1200 hostes
860 1139 1016 1180 erant
1048 1164 1069 1194 ,
1104 1122 1198 1200 qui
1220 1141 1322 1201 pro
1351 1121 1635 1181 Antiocho
1663 1143 1765 1180 ar-
1797 1121 1800 1126 ’

228 1221 321 1258 ma
362 1201 630 1259 adversics
682 1224 783 1260 nos
827 1203 1088 1260 tulerunt.
1131 1203 1202 1261 ln
1245 1223 1354 1280 qua
1393 1200 1560 1280 causa
1600 1223 1770 1279 quum

234 1281 402 1345 Galli
437 1291 565 1342 anti
609 1303 792 1342 omnes
826 1279 1055 1360 fitiffient
1075 1325 1097 1351 ,
1142 1282 1198 1341 6·
1240 1282 1414 1363 reguli
1452 1275 1673 1359 quidam
1711 1285 1768 1342 6·

228 1363 457 1442 tyranni
478 1383 506 1434 ;
554 1385 649 1444 ego
703 1380 881 1424 tamen
919 1364 976 1423 6·
1019 1383 1145 1421 cum·
1184 1363 1319 1422 aliis
1358 1385 1462 1443 pro
1505 1365 1772 1445 dignitate

228 1445 444 1524 imperii
474 1446 628 1524 vestri
666 1446 865 1504 coactis
898 1441 937 1503 8
983 1443 1129 1502 luere
1163 1455 1400 1519 peccata
1432 1443 1544 1523 fita
1573 1465 1772 1524 pacem

222 1527 359 1607 pepi
393 1527 414 1583 i
439 1546 459 1585 .·
485 1526 540 1585 6·
588 1526 881 1602 Gallorum
914 1527 1171 1595 animos,
1197 1526 1258 1604 fi
1277 1523 1486 1605 poffint
1524 1525 1772 1608 mitigari

232 1627 273 1664 a
345 1607 531 1666 eritate
561 1607 721 1686 insita
746 1652 769 1679 ,
810 1607 1020 1666 tentavi
1048 1627 1067 1666 .·
1091 1606 1145 1666 6·
1167 1650 1184 1678 ,
1217 1610 1563 1686 posteaquam
1602 1609 1775 1666 indo-

230 1686 397 1747 'rnitos
439 1707 601 1769 atque
634 1690 1019 1768 implacabiles
1051 1687 1328 1747 cernebam
1358 1733 1378 1762 ,
1415 1707 1527 1748 tum
1562 1691 1775 1749 demum

231 1769 297 1832 vi
340 1787 503 1847 atque
537 1771 708 1829 armis
747 1771 1068 1830 coercendos
1102 1787 1258 1828 ratus
1279 1769 1427 1847 sum.

313 1847 529 1909 XLIX.
562 1853 733 1910 Nunc
764 1853 1021 1929 quoniam
1047 1849 1288 1928 sushepti
1315 1850 1448 1909 belli
1473 1868 1770 1932 purgatum
1867 1915 1870 1919 ,

230 1934 304 2012 est
328 1933 526 1990 crimen
550 1975 573 2001 ,
593 1933 716 2012 gesti
749 1933 1025 1990 reddenda
1062 1934 1131 2010 est
1165 1931 1304 1988 ratio
1333 1951 1358 2001 ,·
1401 1932 1458 1990 in
1497 1953 1600 2009 quo
1641 1952 1773 1992 con-

222 2009 449 2092 fiderem
490 2013 732 2089 equidem
773 2011 948 2087 causa
989 2030 1113 2068 meae
1149 2054 1169 2082 ‚
1211 2011 1423 2088 etiamsi
1455 2034 1565 2071 non
1616 2015 1775 2094 apud

232 2095 543 2152 Romanum
572 2135 592 2166 ‚
635 2089 742 2170 sed
776 2094 931 2172 apud
972 2091 1466 2171 Carthaginiensem
1512 2093 1772 2174 finatum

233 2193 443 2254 agerem
464 2215 487 2248 ,
522 2172 620 2232 ubi
657 2175 720 2233 in
753 2194 958 2234 crucem
1000 2174 1126 2234 tolli
1169 2175 1520 2254 imperatores
1560 2176 1772 2251 dicun-3

308 2375 343 2424 7
370 2358 524 2427 Atqui
544 2378 643 2410 curn
662 2358 959 2424 Antiochen]

236 2433 362 2484 Haec
375 2434 603 2486 dicuntur
621 2451 729 2483 cum
747 2433 965 2499 respestu

234 2509 297 2558 ad
319 2526 374 2556 ea
400 2525 506 2574 quae
537 2507 839 2574 praecessere.
869 2502 965 2556 Pu·

234 2598 449 2649 gnafere
525 2582 780 2646 Scipiones
856 2597 965 2630 cum

236 2655 399 2710 Gallis
422 2688 439 2714 ‚
489 2668 544 2705 ut
594 2670 703 2704 cum
753 2652 964 2704 hostibus

234 2728 370 2795 justis
406 2761 422 2786 ,
466 2728 596 2778 veris
631 2761 646 2786 ,
694 2727 959 2794 legitimis,

234 2801 354 2853 iicet
376 2802 624 2851 Antiocho
644 2835 659 2860 ‚
686 2818 783 2850 non
807 2799 965 2852 Gallis

236 2876 521 2926 nominatim
546 2876 723 2925 bellum
736 2875 967 2925 indistum

238 2949 379 3000 osset.
411 2949 509 3015 Sed
540 2949 761 2999 nimirum
794 2949 969 2999 decre-

237 3034 342 3073 tum
381 3021 572 3072 senatfls
616 3023 972 3088 complestebn'·

242 3107 324 3146 tur
348 3111 433 3145 eos
462 3113 661 3162 quoque
692 3096 772 3161 qui
794 3096 971 3146 Antio·

244 3169 324 3217 chi
348 3169 518 3218 foliam
543 3170 691 3219 secuti
714 3168 865 3218 effent
882 3207 897 3230 ‚
921 3170 973 3220 δι
1048 3169 1213 3234 nisque
1232 3168 1456 3236 ingentes
1487 3168 1592 3218 auti
1621 3168 1672 3220 ὅ(
1692 3183 1775 3232 αι’-ς·
1843 3205 1848 3208 -

240 3240 373 3296 intra
388 3241 497 3304 ejus
525 3239 737 3307 praefidia
762 3239 973 3298 fuiffe'nt.

402 3314 571 3384 ‚Tm-
614 3318 687 3378 V.

1039 2358 1206 2423 Quum
1256 2333 1420 2428 igiturY
1448 2358 1583 2410 Galli
1635 2356 1766 2413 intet

1037 2435 1292 2484 auxiiiares
1311 2433 1541 2483 Antiochi
1559 2431 1767 2492 fuerint,

1037 2507 1301 2574 legitimum
1322 2523 1429 2556 cum
1443 2507 1500 2556 iis
1515 2507 1692 2555 bellum
1715 2509 1770 2560 ὅ(

1037 2580 1289 2646 Scipiones
1316 2581 1367 2631 &
1399 2595 1494 2647 ego
1527 2578 1774 2648 gestimus.
1838 2581 1868 2599 “”

1115 2654 1145 2704 8
1193 2654 1345 2704 Lucre
1372 2669 1574 2722 peecata
1607 2650 1766 2720 sum]

1040 2726 1272 2779 Pecunii.
1299 2728 1398 2792 xSic
1456 2727 1653 2778 excusat
1713 2729 1770 2780 δε

1040 2801 1227 2870 mitigat
1247 2801 1461 2853 Manlius
1483 2835 1498 2860 ,
1522 2800 1768 2868 suppreffo

1041 2876 1187 2926 etiam
1245 2875 1482 2926 invidioso
1547 2874 1770 2942 pecuniae

1040 2951 1237 2999 nomine
1261 2982 1278 3008 ,
1300 2950 1429 2998 illam
1465 2965 1572 3016 qu&
1602 2947 1648 2997 ei
1683 2949 1774 2997 ob-

1043 3019 1170 3088 jeRa
1190 3023 1346 3072 fuerat
1367 3022 1610 3071 avaritiam
1626 3054 1643 3076 ,
1661 3037 1772 3072 exa·

1047 3095 1236 3161 fiasque
1271 3113 1296 3145 a
1321 3096 1535 3162 tyrannis
1556 3094 1774 3146 castella-

1049 3242 1188 3314 genti
1206 3241 1422 3302 summas.

1421 3307 1537 3383 Bb.
