2300 3859
220 201 231 232 ι
412 119 847 252 L⁸11313n
942 176 1492 253 XXXVIII.
1603 187 1740 278 593¹

194 277 359 343 ‚mum
386 279 541 336 ambo
574 301 677 358 pro
703 273 914 358 populo
937 283 1188 339 Romano
1219 296 1382 337 morte
1419 278 1984 361 occubutſjenjae565,

226 361 407 437 Quum
444 360 663 418 illorum
708 363 847 419 tueri
888 362 1119 440 gloriam
1157 361 1380 440 posteris
1403 361 1550 437 Jatis
1583 359 1704 437 effe't
1727 365 1989 432 ‚a.C.1S7·

220 441 293 498 P.
331 437 659 516 Africanum
702 441 911 499 tantum
944 458 1211 520 paternas
1245 440 1578 521 superaviffe
1619 442 1750 500 lau-

224 519 318 577 des
338 561 359 588 ,
379 539 441 578 ut
465 523 634 598 fidem
660 520 857 598 ficerit
880 565 901 592 ,
924 544 1033 581 non
1060 521 1330 601 sanguine
1358 523 1593 580 humano
1613 567 1632 594 ‚
1649 521 1755 600 sed

208 601 371 680 stirpe
410 603 606 660 divina*
628 603 813 680 satum
840 602 903 680 se
934 600 1051 678 effes
1072 605 1139 661 L.
1161 603 1472 681 Scipionem
1497 645 1519 672 ,
1547 604 1610 660 de
1645 623 1753 680 quo

222 699 457 761 agatur,
496 679 601 762 (ut
624 726 644 754 ‚
683 704 797 760 quae
835 685 893 742 in
930 681 1212 762 Hispania
1235 727 1254 754 ‚
1277 703 1390 762 quae
1425 685 1484 741 in
1511 680 1754 760 Aftica,

225 782 387 840 quum
419 761 632 842 legatus
652 761 859 841 fratris
887 761 1007 840 effet
1026 807 1045 836 ‚
1063 761 1278 844 geffiffit
1293 807 1316 834 ,
1333 763 1760 846 praetereantur)

224 841 495 920 consulem
522 887 542 914 ,
574 843 629 904 6·
663 844 733 901 ab
750 844 951 922 senasu
989 847 1208 922 dignum
1241 845 1411 924 vistim
1431 890 1451 918 ‚
1471 845 1563 905 cui
1599 863 1760 904 extra

216 921 412 1002 sortem
450 925 594 1002 Asia
626 925 921 1005 provincia
942 968 965 995 ,
1008 927 1063 986 e>
1099 926 1298 984 bellum
1331 946 1448 984 cunt
1477 927 1760 986 Antiocho

225 1025 361 1084 regex
382 1005 747 1086 decerneretur
770 1028 798 1079 ,⁰
855 1007 910 1065 6·
958 1028 1019 1064 a·
1036 1004 1217 1084 fratre
1265 1050 1288 1078 ‚
1328 1007 1416 1066 c'ui
1463 1009 1581 1088 post
1619 1009 1761 1066 duos

227 1085 540 1162 confislatus
577 1087 953 1167 censuramque
991 1088 1045 1146 δ·
1080 1090 1404 1172 triumphum
1447 1089 1657 1169 legatus
1699 1089 1761 1148 in

226 1168 423 1244 Asiam
468 1169 587 1226 iret.
621 1168 711 1226 Ibi
757 1192 822 1228 ne
864 1170 1180 1248 magnitudo
1226 1169 1280 1228 G·
1305 1169 1571 1248 splendor
1594 1169 1762 1245 legati

230 1247 491 1306 laudibus
536 1249 783 1326 consulisx
814 1248 1043 1328 officeret
1080 1295 1101 1322 ,
1147 1249 1294 1328 fhrte'
1345 1252 1426 1308 ita
1469 1248 1712 1326 incidiffie
1739 1287 1761 1322 ‚

230 1346 291 1386 ut
317 1373 335 1397 ,
360 1349 465 1406 quo
492 1331 577 1387 die
608 1333 686 1386 ad
719 1332 1057 1410 Magnesiam
1084 1332 1260 1412 signis
1289 1331 1511 1388 collatis
1536 1329 1606 1390 L.
1634 1331 1766 1388 Sci-

221 1409 321 1489 pio
361 1410 698 1468 Antiochum
738 1409 1019 1487 devixiffit
1046 1453 1069 1480 ,
1103 1431 1236 1491 aeger
1265 1412 1344 1470 P«
1372 1409 1560 1490 Scipio
1589 1412 1761 1470 Elaeae'

231 1491 437 1548 dierum
475 1493 689 1569 aliquot
731 1491 829 1552 via*
868 1489 1078 1570 abeffet.
1116 1495 1253 1552 Non
1289 1489 1454 1570 sieiffi:
1506 1494 1762 1552 minorem

230 1593 345 1631 eum
387 1576 677 1631 exercitum
707 1618 727 1644 ,
766 1573 927 1653 qusint
970 1572 1279 1642 Annibalis
1318 1618 1337 1645 ‚
1381 1591 1499 1631 cum
1545 1595 1651 1652 quo
1697 1573 1762 1632 in
1846 1620 1851 1626 .

230 1649 427 1730 Afiica
469 1652 588 1731 effic
621 1674 939 1734 pugnatum.
968 1653 1300 1714 Annibalem
1334 1655 1570 1714 eumdem
1591 1651 1764 1732 suff

228 1732 371 1793 inter
409 1736 605 1794 multos
660 1738 804 1796 alios
852 1737 1025 1814 regios
1062 1738 1228 1794 duces
1257 1778 1280 1805 ,
1319 1737 1414 1813 qui
1470 1737 1764 1816 imperator

232 1817 441 1875 Punici
471 1817 603 1874 belli
641 1815 823 1886 suerit.
857 1819 938 1876 Et
968 1816 1164 1874 bellum
1201 1819 1414 1896 quidem
1450 1817 1533 1874 ita
1569 1817 1764 1896 gestum

231 1894 328 1974 effi
352 1941 369 1968 ‚
398 1914 459 1956 ut
502 1919 567 1956 ne
593 1885 877 1974 fhrtunam
923 1899 1133 1977 quidem
1173 1899 1455 1975 quisquam
1482 1896 1768 1956 criminari

223 1977 405 2056 poffit.
436 1977 503 2036 In
535 1999 677 2059 pace
709 1983 907 2038 crimen
934 1979 1098 2057 quaeri
1124 1999 1150 2050 ;
1183 2000 1298 2035 eam
1337 1979 1450 2036 dici
1480 1998 1519 2051 4
1545 1975 1770 2055 venistis

192 2075 197 2080 ’
230 2058 353 2118 Hic
376 2063 549 2116 decem
588 2060 795 2140 legatos
824 2061 996 2139 simul
1028 2060 1221 2140 argui,
1257 2080 1479 2136 quorum
1526 2075 1596 2118 ex
1627 2081 1768 2118 con-

221 2139 359 2217 filio
398 2141 533 2198 data
558 2163 679 2218 pax
712 2141 853 2220 effet.
891 2143 1043 2221 Quin
1079 2139 1327 2220 exstitisti
1363 2163 1433 2198 ex
1471 2142 1646 2198 decem
1683 2141 1768 2198 le-

204 2237 209 2243 ·
228 2221 417 2301 gatis,
451 2226 543 2299 qui
586 2224 686 2282 Cn.
724 2223 1005 2282 Manlium
1049 2228 1408 2298 accusarent‚·
1443 2240 1620 2280 tamen
1657 2241 1766 2281 non

235 2301 395 2361 modo
430 2305 509 2360 ad
545 2305 789 2362 criminis
818 2305 985 2381 fidem
1012 2347 1029 2372 ,
1056 2302 1159 2377 sed
1187 2323 1251 2360 ne
1291 2304 1370 2360 ad
1407 2323 1609 2360 moram
1646 2303 1772 2381 qui·⁴
1801 2365 1804 2370 ,

232 2383 354 2440 dem
393 2385 653 2463 triumphi
693 2405 811 2441 eam
858 2383 1255 2462 accusationem
1299 2381 1549 2459 valuiffie.

240 2505 248 2510 -
316 2461 473 2522 LIX.
514 2469 600 2523 At
622 2463 875 2534 ,hercule
900 2509 919 2534 ,
941 2466 997 2522 in
1032 2464 1289 2542 Scipione
1323 2463 1425 2542 ips
1480 2463 1621 2544 leges
1657 2483 1769 2542 pa·-
1807 2429 1880 2566 J
1894 2470 1938 2520 n?

235 2545 319 2602 cis
342 2587 365 2614 ,
386 2562 447 2604 ut
488 2547 712 2606 nimium
752 2547 1192 2604 accommodatas
1225 2547 1433 2604 Antioc
1472 2567 1503 2603 o
1533 2589 1549 2612 ‚
1573 2545 1769 2624 sulpe-

237 2627 353 2683 Has
413 2622 527 2703 effe.
590 2629 855 2706 Integrum
917 2630 1055 2685 enirn
1115 2627 1166 2686 ei
1219 2648 1432 2706 regnum
1461 2627 1718 2706 ·reliblum
1746 2647 1767 2689 ε

238 2706 426 2766 omnia
449 2706 705 2787 ‘poffidere
731 2728 846 2769 eum
873 2711 1065 2766 vibium
1090 2751 1109 2776 ,
1130 2729 1246 2784 qua:
1271 2725 1396 2766 ante
1417 2707 1615 2765 bellum
1649 2704 1772 2784 ejus

222 2783 631 2866 fherinttauri
671 2791 726 2849 6·
771 2791 979 2870 argenti
1018 2807 1180 2867 quum
1217 2789 1327 2846 vim
1367 2809 1614 2868 magnam
1657 2789 1772 2846 ha-

239 2866 428 2946 bufft
454 2913 473 2942 ‚
498 2871 648 2930 nihil
673 2871 733 2930 in
766 2872 1043 2953 publicum
1075 2870 1303 2929 relatum
1334 2915 1352 2942 ‚
1371 2891 1521 2927 omne
1555 2871 1612 2927 in
1645 2871 1774 2946 pri·

237 2969 429 3010 vatum
468 2954 696 3032 versum.
732 2971 757 3034 5
793 2959 895 3014 An
933 2973 1045 3012 non
1075 2967 1273 3032 prater
1308 2951 1544 3010 omnium
1577 2949 1774 3026 oculos,

313 3144 349 3190 4
384 3127 637 3200 Vetusto-1
677 3131 965 3192 venumda·
1118 3147 1141 3194 5
1169 3133 1251 3182 An
1281 3149 1440 3183 non„-
1475 3145 1658 3187 tantum
1686 3145 1772 3179 au-

236 3211 339 3261 tam
370 3203 485 3272 effe.
1036 3205 1139 3260 ti...
1161 3205 1230 3275 fit
1257 3204 1464 3272 latum]
1491 3205 1621 3256 Dele
1651 3219 1778 3264 veta
