2300 3859
668 179 1545 277 LrnER,XXXI.
1768 209 1857 283 33

322 291 334 305 '⁸
368 284 554 347 ientes
587 286 913 368 persecutus
947 306 1130 369 eques
1150 328 1170 359 ,
1196 306 1339 347 mox
1376 286 1439 347 ἃ
1476 284 1735 367 legiones
1768 287 1861 345 in·
1880 303 2115 368 U·c·552·

345 370 632 431 παππία
677 366 855 428 castra
885 370 1171 448 impetum
1209 366 1493 427 fecerunt.
1530 366 1728 427 Minus
1765 367 1861 428 sex
1880 372 2115 425 a.C.200.

323 441 507 509 millia
541 448 846 515 hominum
872 449 1020 509 inde'
1037 446 1397 531 effugerunt:
1425 446 1571 516 ‚caesa
1600 447 1663 507 ὃ(
1695 467 1865 529 capta

323 525 490 607 supra
517 532 773 611 quinque
806 530 870 590 &
910 532 1143 611 triginta
1178 530 1357 589 millia
1390 550 1525 589 cum
1546 528 1714 611 lignis
1748 532 1867 589 mi-

321 607 586 671 litaribus
635 610 969 692 octoginta,
1011 612 1299 692 carpentis
1338 608 1579 671 Gallicis
1610 654 1631 684 ‚
1676 611 1867 671 multa

320 692 526 769 praeda
571 696 824 753 oneratis
855 738 878 767 ,
926 692 1053 773 plus
1107 692 1393 754 ducentis.
1440 691 1699 752 Amilcar
1740 691 1863 755 dux

326 770 551 833 Poenus
581 794 676 835 eo.
701 772 900 853 praelio
942 773 1199 846 cecidit,
1236 774 1300 833 &
1334 791 1448 835 tres
1482 775 1863 854 imperatores

323 851 556 913 nobiles
609 851 936 916 Gallorum.
983 852 1304 916 Placentini
1352 856 1565 933 captivi
1616 851 1691 913 ad
1742 854 1867 916 duo

321 934 505 1001 millia
540 934 852 996 liberorum
883 939 1140 1016 capitum
1172 934 1383 995 redditi
1421 934 1671 995 colonis.

341 1062 352 1067 -
401 1014 594 1076 XXII.
641 1014 862 1099 Magna
903 1016 1147 1077 victoria
1192 1018 1435 1097 laetaque
1486 1014 1697 1076 Romae
1736 1012 1866 1076 fuit.

319 1091 554 1157 Litteris
593 1097 778 1158 allatis
801 1142 822 1169 ‚
865 1095 1207 1179 supplicatio
1245 1099 1304 1156 in
1338 1097 1593 1157 triduum
1628 1097 1877 1165 decreta,

321 1175 428 1237 est.
477 1175 882 1239 Romanorum
925 1178 1346 1257 sociorumque
1386 1178 1461 1238 ad
1513 1176 1632 1237 duo
1683 1177 1864 1239 millia

322 1275 402 1319 eo
443 1260 643 1339 praelio
687 1259 1070 1334 ceciderunt3
1103 1260 1335 1341 plurimi
1374 1260 1587 1320 dextrae
1624 1259 1728 1319 alae
1755 1304 1773 1330 ‚
1799 1260 1863 1318 in

320 1358 496 1420 quam
540 1343 729 1420 primo
769 1345 990 1422 impetu
1035 1342 1126 1405 vis
1169 1344 1373 1423 ingens
1410 1336 1658 1401 hostium
1706 1339 1865 1400 illata

318 1418 424 1480 est.
459 1418 821 1504 Quanquam
903 1443 967 1484 er
1012 1439 1325 1503 praetorem
1372 1442 1560 1503 prope
1599 1421 1865 1503 debella:-

323 1517 453 1561 tum
494 1520 615 1563 erat
654 1547 674 1577 ,
729 1525 842 1569 con
867 1506 926 1563 ul
967 1518 1200 1584 (suoque
1248 1500 1324 1565 C.
1370 1502 1639 1565 Aurelius
1663 1547 1683 1575 ,
1721 1509 1864 1583 per-
1937 1517 1942 1523 ·

319 1580 482 1643 festis
518 1605 645 1664 quae
667 1582 878 1645 Romae
913 1586 1140 1667 agenda
1166 1583 1399 1646 fuerant
1417 1630 1447 1658 r
1470 1582 1762 1665 profec‘tus
1798 1585 1861 1642 in

323 1660 582 1729 Galliam
608 1666 937 1739 ,viantem
973 1670 1289 1741 exercitum
1328 1687 1367 1725 a.
1400 1684 1650 1746 praetore
1686 1684 1861 1724 acce·-

321 1747 432 1826 pit.
480 1744 702 1807 Consul
738 1748 884 1807 alter
907 1792 928 1823 ‚
951 1768 1130 1829 quum
1172 1766 1451 1807 autumno
1498 1744 1681 1807 ferme
1718 1764 1859 1805 exa·-

317 1824 413 1887 ἃο
457 1828 516 1886 in
557 1829 921 1909 provinciam
951 1825 1195 1891 veniffet
1224 1874 1243 1902 ‚
1281 1830 1430 1888 circa
1468 1826 1856 1909 Apolloniam

315 1906 693 1969 hibernabat:
723 1908 796 1969 ab
833 1908 998 1970 classe
1027 1952 1048 1980 ,
1083 1931 1213 1991 quae
1246 1907 1531 1989 Corcyrae
1575 1906 1853 1969 subdufia
1942 1902 2041 1989 Re?

317 2008 441 2049 erat
467 2035 486 2063 ‚
511 1987 590 2050 C.
628 1988 906 2053 Claudius
923 2038 946 2063 ‚
966 1989 1339 2071 triremesque
1362 1988 1648 2051 Romanae
1674 1988 1855 2065 (ficut
1874 1973 2089 2032 G'aeffl‘·

314 2072 448 2131 ante
499 2070 714 2131 dicium
761 2070 844 2133 est
883 2070 912 2155 )
949 2072 1211 2134 Athenas
1254 2069 1427 2132 miffae
1467 2116 1487 2145 ‚
1530 2091 1710 2153 quum
1751 2068 1853 2130 Pi-
1910 2070 2101 2152 dieb-ena

313 2172 531 2211 raeeum
575 2151 960 2231 pervenissent
984 2199 1004 2228 ‚
1044 2151 1539 2235 despondentibus
1574 2150 1692 2231 jam
1732 2141 2088 2211 ani-defensae.

313 2252 448 2301 mos
483 2233 650 2294 sociis
664 2234 850 2315 ‘spem
882 2239 1179 2315 ingentem
1224 2235 1529 2305 attulerant
1566 2253 1581 2293 z
1613 2254 1749 2293 nam
1792 2232 1855 2293 δε

313 2313 608 2377 terrestres
645 2318 722 2375 ab
767 2314 1060 2393 Corintho
1095 2336 1225 2396 quae
1268 2336 1374 2397 per
1415 2314 1721 2395 Megaram
1756 2315 1855 2373 in·-

315 2394 606 2457 curfiones
651 2400 710 2457 in
747 2418 916 2481 agros
955 2394 1290 2459 fieri'solitae
1331 2414 1495 2456 erant
1516 2432 1542 2469 -‚
1588 2418 1710 2455 non
1750 2392 1860 2455 fie-

317 2474 509 2550 bant3
544 2478 607 2535 &
648 2480 992 2559 praedonum
1039 2501 1073 2539 a
1100 2474 1409 2539 ,Chalcide
1449 2497 1629 2537 naves
1660 2522 1681 2551 ‚
1725 2496 1859 2557 q-uae

311 2578 440 2618 non
487 2578 642 2619 mare
688 2558 875 2619 solum
922 2556 1192 2619 infestum
1220 2603 1241 2631 ‚
1285 2557 1384 2619 sed
1426 2559 1600 2619 etiam
1652 2578 1863 2618 omnes

311 2641 640 2700 maritimos
685 2662 856 2723 agros
883 2638 1347 2721 Atheniensibus
1390 2636 1649 2700 fecerant
1687 2683 1707 2713 ‚
1740 2658 1864 2699 non

307 2720 499 2781 modo
538 2720 779 2782 Sunium
818 2720 1128 2804 superare,
1162 2721 1260 2783 sed
1301 2740 1409 2781 nec
1450 2739 1613 2783 extra
1648 2718 1864 2781 fretum

307 2800 515 2883 Euripi
562 2805 932 2877 committere
982 2820 1195 2885 ‘aperto
1243 2804 1388 2863 mari
1436 2802 1494 2864 se
1544 2801 1869 2863 audebant.
1960 2867 1972 2877 ‚

303 2880 800 2963 Super-venerunt
835 2884 921 2944 hi's
960 2900 1078 2947 tres
1119 2880 1371 2945 Rhodiae
1420 2884 1817 2967 quadriremes
1844 2928 1869 2957 ,

311 2964 380 3027 δι
403 2982 575 3026 erant
599 2966 811 3061 Afticae
845 2982 962 3059 tres
991 2986 1030 3047 7
1051 2981 1273 3047 ,apertae
1304 2985 1485 3026 naves
1516 3010 1537 3040 ,
1570 2965 1647 3026 ad
1684 2982 1867 3026 tuen-

297 3078 307 3087 “
329 3118 340 3129 .
383 3093 419 3140 7
447 3074 822 3151 Apameam&
843 3078 866 3142 3
885 3077 1051 3127 Nave:
1125 3092 1229 3128 cer.
1246 3068 1373 3130 KV.
1393 3076 1441 3126 in
1460 3076 1611 3129 Verr.
1636 3092 1689 3125 n.
1721 3088 1823 3136 ¹04
1847 3105 1868 3131 ,

304 3163 825 3216 apertaeppponuntur
843 3150 1050 3205 consti-a·
1128 3150 1181 3201 ὃ(
1202 3167 1273 3201 eae
1294 3150 1404 3201 sunt
1415 3166 1519 3216 quae
1534 3150 1663 3200 nulla
1682 3148 1867 3197 habent

305 3226 378 3275 tis
401 3257 420 3285 2
443 3237 500 3277 ut
523 3225 694 3278 videre
721 3223 788 3276 est
813 3224 942 3293 apud
965 3222 1052 3275 ei·
1125 3224 1363 3295 tabulata:
1389 3222 1641 3273 harimnu
1661 3236 1759 3281 ras,
1782 3220 1867 3286 qui

1434 3289 1544 3379 B?
