2300 3859
353 278 359 291 ,
526 196 665 292 238
886 194 1714 269 T111L1v11

282 292 744 375 U.e.557‚cons11ii
782 312 797 352 ε
834 297 932 375 qui
971 293 1163 374 primo
1192 336 1212 366 ‚
1254 288 1628 372 jurejurando
1668 289 2060 373 interposito}

285 376 596 445 a.C.195.de
642 372 905 460 praefidio
934 374 1295 456 expellendo
1340 392 1475 434 cum
1523 374 1756 435 idoneis
1797 375 2060 436 collocu-

518 474 611 519 tus
643 503 666 531 ,
711 456 852 517 dum
896 452 1051 517 vires
1098 453 1350 533 adiicere
1394 452 1782 533 conjurationi
1819 453 2054 531 studet,

515 558 555 619 7
584 541 865 614 incautior
906 536 1047 599 fidei
1086 536 1397 599 aestimator
1430 534 1561 597 fuit.
1583 534 2052 619 Colloquentem

515 638 667 683 eum-
689 640 823 681 cum
860 618 969 680 suis
1006 618 1232 681 satelles
1262 640 1298 679 a
1325 616 1600 699 praefefito
1640 614 1832 686 miffus
1868 638 2053 702 quum

512 700 819 765 arcess'eret
838 746 859 777 ,
877 698 1044 761 senfit
1080 700 1380 783 proditum
1413 698 1715 761 confilium
1740 696 1851 763 ess'e
1870 746 1888 775 ‚
1913 700 2056 763 ho'r-

439 816 451 837 ·
512 782 780 868 tatusque
838 780 1179 863 conjuratos
1233 784 1332 862 qui
1378 780 1618 843 aderant
1654 827 1674 858 ‚
1717 796 1820 857 ut,
1851 783 2052 865 potius

510 866 691 951 quam
734 867 945 927 extorti
986 882 1395 937 morerentur,
1435 882 1594 923 arma
1631 862 1825 924 secum
1864 885 2052 946 cape-

504 965 644 1011 tent
666 968 681 1007 ε
707 964 876 1029 atque
906 950 985 1005 ita
1010 966 1145 1007 cum
1168 947 1364 1027 paucis
1393 943 1454 1004 in
1483 943 1678 1005 forum
1701 947 1785 1006 ire
1818 949 2053 1030 pergit,

509 1031 813 1091 clamitans
832 1073 854 1102 ,
882 1044 946 1087 ut
977 1027 1075 1107 qui
1102 1026 1322 1089 salvam
1353 1026 1770 1106 rempublicam
1790 1027 2046 1105 vellent,

511 1110 810 1173 auctorem
858 1110 925 1169 δι
978 1108 1188 1169 ducem
1237 1107 1294 1171 se
1340 1105 1615 1167 libertatis
1657 1107 2050 1191 sequerentur.

508 1191 689 1253 Haud
733 1190 863 1251 sane
900 1190 1091 1251 movit
1126 1208 1482 1271 quemquam
1521 1234 1542 1264 ,
1581 1191 1715 1271 quia
1759 1190 1900 1252 nihil
1945 1190 2048 1255 us-
2141 1196 2148 1199 “

509 1294 687 1351 quam
723 1271 841 1353 spfl
872 1273 1216 1353 propinquae
1241 1316 1261 1344 ,
1297 1269 1514 1331 nedum
1550 1268 1680 1331 satis
1715 1267 1866 1332 firmi
1899 1293 2050 1353 prae-

508 1352 635 1415 fidii
673 1354 1013 1415 cernebant.
1048 1352 1194 1413 Haec
1227 1351 1656 1416 vociFerantem
1691 1372 1828 1413 eum
1865 1352 2049 1416 Lace·-

510 1435 789 1497 daemonii
816 1479 835 1508 ‚
877 1438 1340 1496 circumventum
1375 1454 1511 1494 cum
1549 1432 1660 1494 suis
1682 1479 1704 1507 ,
1732 1433 2054 1497 interfece-

507 1534 683 1590 runt3
712 1513 1117 1596 comprehensi
1162 1516 1377 1577 deinde
1424 1514 1662 1597 quidam
1711 1516 1775 1575 δι
1823 1516 2049 1580 aliitex

474 1600 577 1657 .iis
615 1596 789 1658 occisi
817 1597 1007 1677 plures
1043 1640 1062 1669 ‚
1143 1598 1271 1658 auci
1305 1600 1365 1657 in
1403 1594 1719 1656 custodiam
1751 1595 2001 1675 conjeffl
2023 1619 2060 1673 3.

507 1679 674 1739 multi
703 1680 968 1759 proxima
992 1699 1070 1737 no
1130 1698 1164 1737 e
1191 1677 1422 1739 funibus
1454 1698 1559 1760 per
1584 1698 1811 1739 murum
1839 1679 2048 1743 dimiffi

448 1782 453 1785 ·
510 1760 590 1823 ad
612 1758 916 1819 Romanos
952 1758 1398 1842 transfugerunt.

592 1840 828 1901 XXVI.
848 1838 1171 1921 Quintius,
1193 1838 1606 1902 affirmantibus
1629 1840 1694 1899 iis
1711 1884 1730 1915 ,
1751 1838 1793 1901 fi
1814 1841 1887 1901 ad
1903 1864 2048 1923 por-

510 1940 600 1984 tas
635 1922 937 1984 Romanus
977 1926 1262 1984 exercitus
1301 1920 1526 1995 fixisset,
1567 1941 1692 1983 non
1733 1920 1852 1986 fine
1890 1922 2047 1986 effe-

513 2004 606 2065 stu
633 2003 888 2079 fututum
923 2023 1060 2068 eum
1100 2022 1334 2066 motum
1371 2000 1571 2078 fuisse,
1599 2003 1703 2079 &,
1735 2002 1775 2063 fi
1801 2007 2044 2089 propius

510 2086 694 2147 castra
726 2088 1186 2148 admoverentur
1203 2131 1226 2157 ,
1254 2107 1378 2163 non
1403 2085 1702 2167 quieturos
1740 2086 2000 2169 Argivos
2020 2135 2044 2166 ,

438 2185 453 2200 ‘
508 2166 1013 2249 mifit'expeditos
1052 2168 1285 2249 pedites
1333 2163 1707 2247 equitesque,
1749 2171 1848 2249 qui
1889 2172 2046 2234 circa

434 2312 441 2323 ,
504 2248 548 2312 8
578 2248 899 2330 Cylarabin
928 2246 1347 2331 (gymnasium
1385 2248 1446 2308 id
1471 2244 1554 2307 est
1575 2250 1764 2309 minus
1798 2265 2042 2313 trecen-

502 2346 599 2391 tos
638 2326 823 2411 passus
862 2331 934 2389 ab
956 2327 1149 2411 urbe)
1185 2350 1318 2389 cum
1344 2348 1506 2389 erum
1553 2330 1779 2390 entibus
1814 2353 1846 2391 a
1868 2351 2042 2413 porta

502 2410 967 2474 Lacedaemoniis
990 2411 1250 2492 praelium
1269 2350 1679 2472 commigrant
1695 2456 1716 2485 ‚
1739 2428 1914 2494 atque
1935 2434 2042 2477 eos

506 2493 667 2554 haud
702 2514 918 2577 magno
954 2495 1270 2555 certamine
1295 2492 1706 2573 compulerunt
1725 2493 1784 2553 in
1812 2495 2042 2561 urbem.

506 2571 583 2635 Et
623 2573 801 2635 castra
847 2594 923 2636 eo
965 2574 1090 2655 ipso
1134 2575 1316 2648 loco,
1360 2574 1460 2637 ubi
1500 2591 1823 2655 pugnatum
1872 2594 2040 2653 erat,

502 2655 819 2739 imperator
856 2654 1161 2719 Romanus
1201 2652 1412 2739 posuit.
1459 2652 1645 2717 Diem
1680 2656 1820 2718 inde
1855 2677 2039 2723 unum

522 2814 575 2863 ‹7
598 2796 633 2851 I
628 2802 849 2851 acutior
852 2797 1238 2868 fideiaeflimaeor
1383 2800 1415 2853 8
1441 2798 1695 2869 Cylarabt'n
1713 2801 1740 2871 (
1747 2800 2036 2869 gymnaefium

492 2862 653 2945 ficit&
668 2874 783 2925 Non
799 2874 869 2923 (at
892 2874 1033 2924 caute
1050 2891 1234 2941 expen·
1305 2874 1359 2926 id
1412 2874 1534 2939 effi]
1597 2872 1907 2947 Gymnafium
1967 2874 2034 2929 fic

501 2948 575 2999 dit
592 2948 736 2998 fidem
758 2964 929 2999 eorum
953 2948 1231 3016 quibuscum
1304 2948 1600 3000 nominatum
1681 2964 1710 2997 a
1785 2947 2032 3021 Cylaraba

497 3022 745 3073 confilium
772 3020 919 3075 'suum
958 3024 1229 3077 communi·
1300 3022 1521 3075 Stheneli
1537 3022 1638 3075 filio
1659 3054 1676 3080 ,
1701 3022 1782 3091 qui
1803 3023 2035 3092 regnavit

496 3110 633 3150 caret
654 3114 668 3147 ε
688 3110 837 3165 atque
854 3097 921 3148 ita
939 3114 1017 3149 tes
1036 3115 1241 3157 emaum,
1298 3096 1446 3167 Argis
1465 3130 1482 3157 .
1521 3098 1572 3149 δι
1609 3096 1659 3147 in
1693 3114 1757 3157 eo
1786 3096 2032 3173 gymnasxo

498 3170 574 3243 uit
594 3204 609 3229 ‚
634 3170 827 3237 prodita
845 3172 904 3221 ab
924 3173 1088 3239 aliquo
1108 3209 1125 3237 ,
1146 3170 1228 3227 cui
1295 3170 1514 3242 sepultus
1546 3171 1638 3229 est·

496 3254 684 3299 temere
705 3244 944 3304 eommiss'a
965 3246 1147 3302 fuerat.

1927 3233 1956 3251 ἱ
