2300 3859
532 250 681 323 474
872 218 1202 299 T'ITI
1309 220 1838 312 Liv‘11‚

292 334 401 397 ue-
415 325 883 406 562-,jaculatoroe
914 326 1177 463 esp-situm
1195 368 1218 395 ,
1251 344 1378 382 non
1400 321 1702 384 confertos
1719 367 1740 397 ,
1769 320 1885 411 sed·
1900 319 2082 400 quim}

294 408 407 463 ιε.
415 422 529 475 150.
540 407 791 467 ωεκὶῐηὲ
848 426 931 487 po

974 424 1077 467 ent
1144 404 1472 485 dispersos»,
1513 424 1820 466 excurrere
1871 408 2082 481 jubet3

536 488 703 550 fimul
734 489 1007 549 omnibus
1036 486 1296 568 partibus
1329 487 1451 547 tela
1481 488 1772 570 ingerere.
1798 486 1950 547 Haec
1971 508 2084 547 ve·

534 572 623 632 lut
654 569 950 652 prot-ella,
982 570 1195 651 partim
1227 568 1565 629 vulneribus
1601 565 1889 628 miffilium
1913 570 2082 629 undi-

539 668 656 735 que
692 648 1097 729 conjefiorum
1118 696 1139 725 ,
1167 653 1376 731 partim
1409 650 1763 711 clamoribus
1803 650 2038 711 diffonis
2057 696 2080 723 ,

538 736 621 799 ita
661 734 1055 795 consternavit
1088 754 1273 815 equos
1292 778 1316 805 ‚
1337 752 1402 792 ut
1428 734 1674 814 repente
1699 732 1868 793 velu‘t
1911 732 2083 793 effre·

540 819 661 880 nati
694 814 895 899 paffim
913 817 1145 877 incerto
1166 816 1325 875 cursu
1349 814 1636 875 ferrentur
1661 834 1680 873 t
1743 836 1955 875 uorum
1977 818 2088 874 irn⁴

542 917 717 981 petus
736 898 799 959 &
824 899 973 957 levis
1002 916 1289 958 armatura
1307 942 1326 967 ‚
1352 898 1416 957 &
1437 836 2078 978 expediti‘i'unditoreg

548 982 617 1041 &
650 980 831 1039 velox
853 976 1147 1039 Cretenfis
1183 996 1496 1042 momento
1537 978 1909 1040 declinabant
1952 999 1968 1037 :
2009 980 2074 1039 δὲ

541 1079 723 1143 eques
736 1059 1098 1143 insequendo
1114 1106 1135 1134 ‚
1148 1052 1464 1119 tumultuin
1481 1081 1550 1120 ac
1567 1080 1858 1141 pavorem
1873 1062 2044 1148 equis
2061 1102 2080 1135 ,

548 1162 579 1225 ς
625 1140 969 1224 camelisqne
994 1142 1057 1203 &
1077 1140 1209 1225 ipsrs
1239 1140 1406 1202 fimul
1442 1140 1864 1215 consternatis,-
1901 1164 2080 1224 auge·

540 1226 645 1285 bat
665 1268 684 1295 ‚
728 1225 987 1285 clamore
1026 1224 1094 1283 &
1134 1224 1208 1283 ab
1249 1225 1360 1284 alia
1392 1223 1880 1285 circumstantium
1917 1225 2085 1285 turba

542 1306 843 1386 multiplici
882 1303 1137 1387 adjeRo.
1183 1304 1274 1366 Ita
1309 1305 1514 1368 medio
1547 1306 1702 1367 inter
1739 1305 1884 1365 duas
1927 1308 2081 1366 acies

540 1410 755 1467 campo
796 1390 1106 1471 exiguntur
1165 1386 1514 1470 quadrigae:
1557 1404 1880 1467 amotoque
1925 1388 2080 1449 inani

536 1470 793 1532 ludibrio
816 1514 837 1543 ‚
857 1485 983 1541 tum
1004 1470 1242 1531 demum
1262 1469 1338 1529 ad
1357 1468 1568 1547 justum
1587 1468 1848 1553 praelium
1871 1513 1894 1541 ,
1915 1466 2080 1553 {igno

536 1552 830 1629 utrimque
864 1551 1005 1611 dato
1029 1594 1050 1625 ‚
1082 1550 1426 1612 concursum
1469 1548 1586 1611 est.'

620 1630 806 1693 XLII.
846 1630 1131 1693 Ceterum
1159 1648 1313 1693 vana
1351 1634 1450 1693 ina
1473 1653 1569 1694 res
1599 1650 1758 1692 verae
1786 1651 1930 1691 mox
1951 1630 2079 1691 cla·

538 1713 630 1774 dis
676 1712 841 1788 causa
892 1712 1039 1787 fuit;
1064 1715 1273 1775 auxilia
1319 1716 1478 1776 enim
1533 1713 1860 1775 subsidiaria
1886 1758 1907 1787 ,
1951 1730 2080 1795 qua

536 1798 807 1878 proxima
843 1794 1037 1857 locata
1071 1814 1238 1858 erant
1259 1841 1279 1871 ,
1303 1816 1529 1877 pavore
1563 1797 1630 1857 &
1651 1793 2080 1857 consternatio·

537 1898 615 1941 ne
652 1878 1055 1961 quadrigarum
1092 1881 1325 1953 territa,
1363 1880 1428 1940 &
1462 1876 1590 1959 ipsa
1617 1878 1678 1939 in
1705 1876 1766 1939 fu
1845 1874 1904 1939 tri
1937 1898 2078 1939 ver·

537 1960 594 2021 sa
616 2004 633 2032 ‚
670 1961 956 2022 nudarunt
976 1962 1174 2022 omnia
1193 1960 1372 2041 usque
1391 1959 1466 2019 ad
1483 1958 1758 2041 cataphra
1817 1980 1883 2019 os
1905 1962 2079 2041 equi-

538 2060 667 2113 tes3
715 2042 790 2103 ad
832 2064 981 2125 quos
1020 2062 1198 2125 quum
1241 2040 1518 2123 diffipatis
1557 2040 1812 2101 subfidiis
1855 2060 2079 2122 perve-

540 2122 707 2183 niffet
752 2128 1039 2207 equitatus
1077 2123 1382 2185 Romanus
1402 2169 1422 2194 ‚
1463 2143 1540 2185 ne
1561 2126 1812 2205 primum
1837 2123 2078 2204 quidem

537 2207 842 2285 impetum·
878 2204 915 2266 6
946 2226 1079 2286 pars
1120 2226 1328 2267 eorum
1371 2203 1790 2278 sustinuerunt;
1832 2206 1926 2265 alii
1969 2202 2077 2266 fufi

538 2285 667 2347 sunt
689 2330 708 2359 ‚
734 2287 829 2346 alii
857 2305 1098 2368 propter
1159 2290 1465 2349 ravitatem
1491 2306 1970 2370 tegumentorum
1989 2306 2082 2347 ar·

534 2387 882 2450 morumque
906 2388 1091 2449 oppre
1136 2392 1159 2429 1
1191 2368 1336 2430 sunt.
1373 2366 1606 2429 Totum
1626 2368 1838 2451 deinde
1863 2368 2079 2431 laevum

538 2462 737 2511 cornu·
760 2450 1057 2511 inclinavit
1089 2470 1109 2525 ;
1163 2451 1229 2511 &
1261 2451 1502 2511 turbatis
1541 2450 1948 2521 auxiliaribus,
1979 2451 2082 2531 qui

536 2532 691 2593 inter
733 2535 988 2613 equitem
1013 2577 1035 2605 ,
1069 2534 1133 2593 δ(
1169 2554 1317 2614 quos
1357 2532 1658 2615 appellant
1681 2533 2081 2615 phalangitas',

537 2630 738 2684 erant,
777 2613 955 2695 usque
994 2615 1067 2674 ad
1109 2614 1366 2676 mediam
1404 2616 1591 2675 aciem
1633 2632 1821 2675 terror
1859 2634 2079 2696 perve-

536 2696 640 2755 nit.
672 2692 759 2753 Ibi
799 2694 963 2756 fimnl
990 2698 1310 2777 perturbati
1348 2698 1622 2771 ordines,
1662 2697 1726 2757 &
1762 2698 1840 2758 im
1889 2696 2080 2757 editus

535 2771 849 2840 intercursu
873 2775 1111 2839 suorum
1142 2778 1272 2841 usus
1305 2779 1735 2861 praelongarum
1755 2776 1830 2839 ha
1878 2800 2040 2838 arum
2059 2796 2082 2840 ,τ

525 2854 759 2938 sariffizs
791 2854 1160 2921 Macedones
1191 2879 1430 2923 vocant.
1469 2859 1723 2923 Intulere
1761 2857 1919 2943 figna
1955 2859 2086 2921 Ro-

534 2959 723 3000 manae
757 2938 1019 3023 legiones
1044 2987 1065 3018 ,
1106 2942 1174 3004 &
1209 2943 1326 3026 pila
1361 2946 1420 3005 in
1452 2944 1823 3027 perturbatos
1859 2939 2080 3022 conje-

618 3066 642 3113 5
693 3048 981 3120 Camelisque
1020 3053 1067 3103 6·
1100 3052 1267 3121 fpfi⁸-]
1345 3054 1574 3122 suspeftae
1605 3054 1712 3120 sunt
1741 3056 1818 3103 hae
1853 3056 1958 3104 duae
1989 3070 2082 3106 vo-

536 3124 605 3178 ‘Et
642 3128 836 3177 camelis
880 3144 1077 3193 quoque
1120 3126 1229 3195 ipfis
1253 3161 1269 3187 ,
1345 3144 1430 3178 ces
1449 3161 1465 3187 ,
1495 3128 1542 3177 δι
1566 3128 1624 3179 iis
1642 3127 1804 3179 τες-ἰῆς
1835 3129 1993 3179 sensus
2013 3129 2082 3179 ni-

538 3200 622 3270 qui
648 3201 793 3252 vicini
812 3201 1053 3269 quadrigis
1072 3212 1234 3251 erant.
1346 3202 1602 3256 hilominus
1645 3202 1840 3273 integer
1877 3202 2083 3259 constat.

616 3274 650 3328 6
690 3273 813 3326 Pars
849 3278 1023 3333 eorum.
1050 3274 1074 3343 J
1109 3272 1270 3330 Valdss
