2300 3859
435 266 491 336 L
542 266 666 333 [Β
720 280 765 332 E
817 281 869 332 n
964 259 1474 333 XXXVII.
1627 260 1762 357 483

230 348 467 443 'legatos
502 358 733 421 AEtolos
766 361 824 419 in
860 355 1058 417 senatu
1092 358 1244 420 inter
1270 374 1467 418 cetera
1487 356 1600 419 hoc
1621 380 1770 440 quo·
1786 357 2015 440 U.c.5632

236 461 355 523 que
393 446 779 523 interrogatos
816 436 931 501 effe
956 483 977 513 ,
1014 437 1172 499 unde
1205 436 1482 499 audiffent
1518 440 1772 525 impera·
1785 440 2019 506 a.C.189‚

236 527 399 593 tores
422 522 725 583 Romanos
748 522 808 580 in
840 517 979 580 Asia
1002 537 1207 602 captos
1237 520 1310 579 ab
1346 519 1650 581 Antiocho
1673 543 1789 595 re·-

283 623 316 663 e
334 647 354 676 ,
379 604 442 665 δι
462 606 781 665 exercitum
800 600 1061 662 deletum
1088 598 1241 661 esse?
1281 600 1511 662 AEtolos
1531 602 1778 685 respon-

287 682 383 745 isse
402 730 425 760 ‚
456 686 532 745 ab
570 683 681 745 suis
720 684 925 822 ligatis
959 681 1017 744 se
1036 726 1057 755 ,
1094 684 1348 762 quicum
1380 681 1613 744 consule
1645 684 1780 747 fue-

243 768 399 839 rint,
440 768 718 826 certiores
782 762 959 823 aEtos.
995 762 1270 824 Rumoris
1307 761 1475 841 hujus
1501 766 1633 845 quia
1670 785 1780 827 ne-

243 848 471 908 minem
529 846 707 907 alium
749 843 1045 905 meterem
1099 844 1338 915 habeo,
1384 864 1577 927 neque
1615 844 1783 907 affir-

245 936 407 990 mata
424 945 523 1068 ¹ries
552 927 689 989 mea
715 926 998 1011 opinione
1029 922 1097 986 fit
1119 969 1141 1000 ,
1173 944 1285 987 nec
1307 946 1418 1009 pro
1457 947 1608 990 vana
1636 949 1786 1010 prae·

248 1010 423 1070 termi
467 1030 523 1069 a.

331 1088 552 1151 XLIX.
596 1088 783 1153 AEtoli
822 1087 1001 1172 legati
1028 1088 1090 1150 in
1136 1086 1399 1150 senatum
1434 1088 1783 1168 introducti,
1854 1092 2030 1167 Legati

247 1190 433 1254 quum
486 1172 554 1233 ’δι
593 1170 759 1232 causa
798 1190 904 1232 eos
940 1170 1036 1231 sua
1059 1216 1079 1246 ,
1128 1169 1192 1230 &
1230 1168 1464 1232 fortuna
1511 1169 2004 1257 hortare-AEtqto·

251 1271 387 1327 tur,
425 1270 490 1313 ut
527 1251 868 1313 confitendo
891 1295 911 1327 ,
947 1250 1048 1311 seu
1083 1247 1196 1311 suae
1221 1252 1404 1333 culpae
1425 1296 1442 1325 ,
1468 1251 1565 1313 seu
1602 1245 2030 1315 errorirummfe-

250 1336 489 1397 veniam
526 1343 798 1415 peterent
818 1331 1102 1413 supplices
1123 1376 1144 1406 ,
1183 1329 1296 1392 orsi
1328 1354 1361 1393 a
1395 1331 1692 1396 beneficiis
1725 1318 1868 1403 ἰηᾶξῖ
1897 1332 2034 1403 με*

252 1415 545 1498 populum
589 1414 969 1489 Romanum,
1011 1413 1076 1473 &
1124 1427 1314 1494 prope
1360 1388 1989 1495 exprobrantesdmffl

254 1498 538 1560 virtutem
577 1494 735 1557 suam
772 1490 1315 1575 in‘Philippibello
1339 1538 1361 1569 ,
1404 1495 1470 1555 &
1512 1493 1792 1561 offendess

258 1596 393 1639 runt
437 1597 603 1639 aures
640 1575 948 1638 insolentia
982 1573 1299 1653 sermonis,
1343 1575 1410 1637 &
1449 1576 1561 1652 eb,
1586 1585 1798 1657 veteri:

254 1658 330 1721 sst
363 1658 693 1720 oblitterata
729 1658 1057 1740 repetendo
1079 1701 1099 1731 ,
1138 1676 1264 1719 rem
1302 1657 1665 1723 adduxerunt
1687 1678 1800 1735 ,ut

256 1739 419 1801 haud
447 1734 622 1821 paulo
646 1740 899 1824 plurium
930 1736 1350 1801 maleficiorum
1369 1743 1556 1823 gentis
1577 1786 1596 1815 ,
1619 1742 1802 1825 quam

258 1819 681 1884 beneficiorum
714 1824 999 1885 memoria
1022 1820 1232 1881 subiret
1265 1822 1490 1881 animos
1526 1819 1758 1884 Parrum
1771 1842 1807 1897 ,·

262 1902 358 1975 ὀί,
374 1904 583 1984 quibus
600 1901 985 1963 misericordia
1002 1921 1149 1981 opus
1170 1917 1292 1963 erat
1309 1946 1329 1973 ,
1347 1903 1490 1960 iram
1508 1901 1571 1962 &
1593 1905 1802 1966 odium

257 1985 581 2058 irritarent3
614 1983 955 2065 interrogati
978 1981 1051 2042 ab
1088 2002 1208 2041 uno
1232 1979 1530 2057 senatore,
1554 1988 1808 2065 permit÷

263 2080 537 2128 'terentne
549 2064 845 2124 arbitrium
867 2062 941 2123 de
966 2061 1023 2123 se
1052 2062 1279 2143 populo
1304 2060 1581 2135 Romano
1598 2109 1619 2139 ,
1644 2065 1806 2132 dein-3

267 2146 345 2207 de
383 2147 456 2206 ab
492 2145 714 2221 altero,
751 2144 1072 2206 habiturine
1099 2140 1340 2205 eosdem
1363 2189 1382 2217 ‚
1429 2165 1577 2227 quos
1599 2168 1678 2227 po
1725 2162 1805 2208 u-'

200 2266 208 2279 =
260 2227 357 2289 ‘lus
392 2225 694 2289 Romanus
717 2272 738 2301 ‚
768 2225 962 2288 socios
995 2225 1060 2285 &
1084 2222 1280 2286 hostes
1300 2222 1480 2287 essent
1501 2272 1522 2301 ,
1563 2169 1804 2291 nihifad

260 2328 342 2371 ea
365 2306 779 2391 respondentes
796 2352 816 2382 ,
847 2306 1050 2391 egredi
1074 2308 1302 2388 templo
1320 2304 1448 2387 juffi
1467 2307 1610 2370 sunt.
1632 2308 1806 2372 Con·-

265 2392 579 2453 'tlamatum
610 2390 822 2452 deinde
845 2390 1033 2471 prope
1059 2388 1132 2449 ab
1163 2388 1659 2453 universo-senatu
1681 2390 1809 2469 est,‘

274 2476 446 2539 Totos
485 2474 667 2531 adhuc
707 2472 978 2532 Antiochi
1013 2472 1248 2531 AEtolos
1286 2468 1384 2548 effi
1404 2514 1428 2542 ,
1453 2472 1509 2531 6·
1532 2493 1604 2533 ex
1634 2475 1808 2533 unica
1879 2538 1882 2541 ,

275 2574 343 2612 ea
369 2552 468 2633 spe
505 2555 734 2632 pendere
766 2554 981 2612 animos
1017 2570 1217 2610 eorum.
1241 2552 1434 2629 Itaque
1455 2552 1655 2613 bellum
1682 2576 1807 2615 cum

274 2635 433 2694 haud
465 2632 648 2692 dubiis
678 2633 912 2713 hostibus
950 2634 1234 2711 gerendum
1255 2675 1278 2702 ‚
1308 2634 1808 2715 perdomandosque

261 2713 482 2798 feroces
510 2715 723 2773 animos
743 2711 859 2791 ff.
882 2708 1073 2773 Etiam
1089 2712 1189 2772 ina
1210 2731 1300 2772 res
1321 2713 1587 2775 accendit
1600 2761 1621 2789 ,
1645 2716 1810 2799 quod

279 2816 357 2861 eo
392 2792 516 2877 ipso
553 2813 860 2875 tempore,
894 2814 1017 2875 quo
1045 2813 1252 2875 pacem
1281 2792 1354 2854 ab
1386 2792 1668 2858 Romanis
1699 2817 1810 2879 pe-

277 2872 513 2951 tebant,
546 2873 829 2957 Dolopiae
863 2894 1038 2957 atque
1065 2874 1428 2936 Athamaniae
1460 2876 1682 2939 bellum
1716 2882 1813 2940 in-

280 2958 574 3020 ferebant.
599 2950 1163 3018 Senatusconsultum
1183 2958 1242 3017 in
1267 2955 1454 3018 Manii
1485 2957 1660 3019 Acilii
1679 2957 1814 3025 sen-,

278 3041 559 3110 tentiam,
596 3040 695 3121 qui
721 3038 1081 3099 Antiochum
1112 3036 1454 3119 AEtolosque
1479 3038 1818 3114 devicerat,·

280 3118 497 3183 fa&um
522 3117 604 3179 est
624 3162 645 3193 ‚
684 3122 766 3180 Ut
787 3117 973 3181 AEtoli
1006 3139 1068 3179 eo
1088 3120 1178 3178 die
1190 3115 1510 3199 juberentur
1533 3120 1814 3200 proficisci

282 3199 359 3262 ab
403 3198 527 3256 urbe
546 3243 566 3273 ,
611 3200 667 3261 6·
704 3201 851 3259 intra
895 3199 1407 3280 quintumdecimum
1458 3202 1598 3259 diem
1635 3201 1815 3261 ltalia
1864 3227 1871 3232 ’

282 3281 562 3344 excedere.
601 3279 683 3344 A.
718 3278 1031 3345 Terentius·
1053 3279 1250 3355 Varro
1270 3280 1344 3345 ad
1371 3278 1814 3370 custodiendumf

1361 3358 1529 3461 21³1s
