2300 3859
510 189 567 259 L
618 208 645 257 1
702 206 745 256 B
802 206 845 257 ε
896 208 946 258 R
1043 137 1462 259 XXXVI.
1613 210 1752 281 405

230 287 450 346 tionem
488 282 610 363 ejus
650 283 777 345 faffi
813 329 830 357 ,
867 305 1015 365 quos
1056 285 1276 364 prim'os
1315 284 1571 359 scenicos
1601 286 1761 347 fuiffe
1781 310 2010 375 ωαψς,

232 366 495 427 Valerius
542 366 745 426 Antias
793 364 873 425 est
917 364 1113 425 ειυᾶοι·
1140 396 1169 439 ,·
1201 364 1516 448 Megalesia
1549 369 1763 449 appel·
1783 380 2012 445 a.C.191.

230 443 583 507 lat03.'Item
622 446 947 507 Iuventatis
987 448 1172 506 aedem
1205 492 1222 519 ‚
1260 450 1318 506 in
1357 446 1538 507 Circo
1579 450 1767 509 maxi·

232 548 333 588 mo
361 572 380 600 ,
422 526 497 588 C.
535 526 787 589 Licinius
833 526 1103 587 Lucullus
1141 527 1412 590 duumvir
1454 529 1768 590 dedicavit.

228 607 503 669 Noverat
544 629 675 669 eam
716 608 1008 668 sexdecim
1059 611 1222 667 annis
1267 609 1398 669 ante
1439 608 1530 669 M.
1568 608 1767 671 Livius

236 689 493 761 consul,
557 711 675 771 quo
732 690 826 749 die
881 688 1266 748 Asdrubalem
1335 692 1766 771 exercitumque

236 768 360 849 ejus
404 770 657 843 cecidit3
692 770 851 831 idem
887 768 1093 829 censor
1134 789 1266 828 eam
1307 768 1633 829 faciendam
1674 772 1772 831 lo-

232 853 432 925 cavit,
467 851 558 911 M.
588 846 910 923 Corneli0‚
946 849 1009 910 P.
1045 850 1398 930 Sempronio
1429 851 1774 913 consulibus.

238 931 433 1009 Hujus
474 952 709 1014 quoque
751 931 1087 993 dedicandae
1122 932 1291 991 causa
1335 932 1456 990 ludi
1497 932 1627 993 faeti
1658 955 1672 992 z
1707 934 1775 993 ὅτ.

242 1015 322 1075 eb
364 1016 560 1073 omnia
595 1034 727 1073 cum
770 1011 1003 1092 majore*
1041 1014 1322 1095 religione
1359 1010 1508 1072 fabia
1549 1059 1570 1090 ,
1615 1015 1776 1095 qubd

239 1116 475 1155 novum*
506 1115 657 1155 cum·
680 1096 978 1155 Antiocho
1020 1094 1275 1154 instabat·¹
1306 1094 1548 1156 bellum.
1649 1096 1652 1098 Α

238 1230 245 1237 ,
325 1174 644 1237 XXXVII.
664 1175 952 1257 Principio
977 1174 1102 1251 ejus
1128 1175 1266 1234 anni
1286 1196 1449 1255 ‚quo
1469 1176 1592 1236 haec
1615 1221 1633 1249 ‚
1661 1174 1781 1255 jam

248 1256 515 1339 profetsto
564 1257 641 1317 ad
682 1258 903 1318 bellum
948 1256 1157 1317 Manio
1212 1255 1409 1317 Acilio
1446 1300 1466 1329 ,
1509 1275 1782 1320 manente

248 1339 436 1399 adhuc
470 1337 680 1399 Romae
718 1338 778 1399 P.
805 1335 1092 1399 Cornelio
1120 1336 1355 1397 consule
1379 1382 1399 1411 ,
1423 1339 1785 1419 agebantur-3

249 1421 439 1481 boves
470 1420 635 1495 ¹duos»
688 1420 945 1480 domitos
992 1436 1030 1499 9
1076 1420 1135 1476 in
1185 1415 1412 1489 Carinis
1457 1440 1560 1499 pet
1613 1420 1788 1481 scalas

252 1497 575 1581 pervenisse
616 1504 676 1559 in
722 1503 945 1584 tegulas
988 1497 1215 1560 aedificii
1255 1544 1275 1573 ‚
1317 1500 1615 1581 proditum
1657 1522 1794 1563 me-

249 1583 455 1643 moriae
506 1580 609 1641 est.
660 1580 777 1641 Eos
828 1586 1021 1644 vivos·
1052 1580 1318 1641 comburi
1355 1626 1374 1655 ‚
1422 1585 1795 1665 cineremque

258 1663 467 1724 eorum
498 1661 673 1741 dejici
706 1666 763 1723 in
800 1661 1064 1723 Tiberim
1090 1708 1108 1735 ‚
1139 1662 1472 1743 haruspices·
1505 1662 1800 1741 jufferunt.

258 1742 591 1804 Tarracina
635 1746 699 1803 δε
738 1744 1030 1803 Amiterni
1071 1748 1406 1803 nunciatum
1443 1743 1525 1805 est
1564 1746 1802 1825 aliquo·-

258 1828 371 1885 ties
411 1824 699 1904 lapidibus
740 1822 977 1905 pluiss'e.·
1008 1822 1322 1883 Minturnis
1359 1827 1548 1884 aedem
1591 1824 1754 1889 Jovis
1782 1871 1805 1902 ,

265 1907 331 1967 &
366 1907 635 1967 tabernas
680 1905 1062 1964 circa.forum
1112 1904 1187 1965 de
1234 1904 1392 1964 coelo
1427 1906 1602 1965 taflas
1643 1905 1803 1969 effe:

262 1986 539 2047 Vulturni
584 1990 644 2047 in
684 1985 830 2047 ostio
874 1986 1127 2046 fluminis
1167 1985 1306 2045 duas
1344 2006 1524 2047 naves
1565 1985 1808 2050 fulmine

265 2067 406 2129 iaas
458 2068 651 2128 confla
696 2066 856 2128 rasse.
912 2064 1134 2126 Eorum
1217 2066 1582 2146 rodigiorum
1637 2071 1812 2131 causa

265 2151 444 2209 libros
481 2088 803 2230 Sibylfinos
846 2166 919 2208 ex
962 2146 1160 2207 senatu
1186 2147 1450 2208 consulto
1493 2148 1813 2211 decemviri

270 2250 449 2311 quum
478 2230 717 2291 adiffent
742 2275 761 2303 ,
788 2231 1196 2291 renunciat-unt
1220 2273 1239 2302 ,
1271 2245 1296 2285 1
1337 2228 1618 2304 Ieiunium
1662 2233 1814 2311 insti-

271 2315 530 2373 tuendum
578 2314 763 2374 Cereri
802 2309 900 2391 ff
926 2355 946 2383 ‚
988 2312 1043 2370 δ’
1085 2312 1149 2368 id
1187 2312 1376 2389 quinto
1417 2334 1627 2391 quoque
1667 2336 1814 2375 anno

260 2394 599 2474 servandum
636 2415 655 2453 .·
694 2395 749 2453 6·
785 2413 848 2452 ut
890 2392 1219 2452 novendiale
1251 2390 1472 2469 sacrum
1494 2396 1654 2472 fieret
1691 2440 1708 2465 ‚
1759 2396 1814 2455 ὅ·

274 2494 443 2533 unum
482 2476 625 2532 diem
654 2472 995 2552 supplicatio
1036 2470 1206 2548 effee,·
1245 2478 1490 2533 coronati
1519 2476 1819 2555 supplica-

278 2572 399 2615 rem
422 2576 438 2613 .·
462 2554 517 2613 6·
558 2555 751 2632 consul
774 2556 848 2613 P.
888 2555 1176 2613 Cornelius
1195 2596 1220 2623 ,
1257 2555 1452 2632 quibus
1495 2557 1646 2630 diis,
1687 2560 1820 2638 qui-

1800 1215 2030 1286 Prodigia

356 2716 389 2767 9
418 2698 478 2750 In
502 2700 746 2767 Carinis.]
770 2700 851 2751 Sic
872 2716 1017 2753 voca·
1092 2702 1328 2770 serpinam
1347 2716 1456 2755 toto
1472 2704 1611 2757 Or'be
1631 2707 1824 2773 quaerit,

280 2776 424 2828 batur
458 2775 597 2845 regio
631 2774 850 2843 qu'aedam
888 2774 1018 2826 urbis
1099 2794 1125 2827 a
1169 2778 1282 2827 cibo
1323 2791 1550 2845 potuque
1586 2781 1822 2831 abstinen-

283 2850 475 2903 Romae.
593 2867 601 2870 ·
962 2874 967 2879 ·
1095 2852 1230 2900 tiam.
1273 2852 1440 2919 Itaque
1493 2850 1726 2917 jejunium
1773 2856 1824 2906 in

265 2924 272 2931 '
366 2938 386 2971 1
424 2920 658 2989 Jejunium
696 2920 1021 2985 instituendum
1098 2923 1826 2993 Eleufiniis&Tbesrnophoriis
1924 2940 1928 2945 '

286 2996 517 3061 cerem]
562 2996 759 3060 Jejunio
786 2996 1019 3045 Cererem
1095 2998 1390 3063 usurpatum.
1429 2998 1584 3049 Fuere
1631 3000 1682 3049 &
1735 3002 1829 3051 alia

290 3070 523 3118 colebant
552 3102 569 3126 ‚
614 3082 669 3118 ut
718 3070 1021 3119 imitarentur
1076 3071 1227 3138 ,apud
1265 3072 1546 3119 veteres-in
1591 3073 1827 3125 honorem

274 3143 485 3205 .10ngam
510 3141 615 3207 ejus
650 3143 701 3190 in
730 3142 861 3191 lustu
895 3143 1021 3200 suo,
1099 3144 1414 3209 quorumdam
1469 3144 1670 3193 deorum
1710 3146 1825 3196 dea-

293 3213 416 3265 dum
432 3228 664 3283 raptam-a
679 3214 891 3270 Plutone
909 3215 1025 3269 Pro·
1100 3234 1270 3271 tumve
1287 3215 1468 3286 jejunia
1484 3232 1498 3270 ε
1513 3222 1628 3288 puta
1649 3218 1676 3277 J
1681 3218 1824 3279 ovisu
