2300 3859
1360 0 1405 10 -

479 140 577 213 60
815 138 887 214 T
935 160 964 213 1
1011 162 1065 214 τ
1112 161 1142 213 1
1252 144 1309 215 L
1358 162 1391 213 1
1437 160 1496 213 v
1543 158 1577 217 ι
1628 163 1661 225 1

227 250 460 322 u,c,552,
478 236 646 299 nibus
699 256 807 319 per
857 239 1126 301 somnum
1174 241 1493 321 vinumque
1560 240 2009 322 dies-nostibus

230 318 459 398 a·C·209·
480 338 774 399 aequarent
813 365 832 396 ‚
897 319 1080 401 Philip
1127 341 1193 381 us
1236 321 1665 403 inopinantibus
1724 322 1976 383 advenit·
2006 338 2033 384 τ

283 386 462 455 opprz-
564 421 656 461 em
713 422 890 484 quum
931 401 1039 461 ade
1087 423 1122 461 e
1163 401 1516 484 refugientes
1562 423 1635 464 ex
1681 394 1831 487 agris
1867 404 2004 485 qui-

138 544 148 553 ,
231 476 421 545 ”’””.”.”’
435 480 464 509 ‘²
522 503 615 542 am
652 483 848 564 pavidi
873 480 1569 578 nunciaffent,trepidase
1591 483 2017 559 Damocritus,

235 530 772 646 Ph‘hpfficeterique
832 563 1008 625 duces
1048 586 1062 624 :
1115 565 1185 625 δι
1240 583 1363 627 erat
1411 563 1563 625 forte
1618 566 2009 639 meridianum

473 663 750 727 tempuS,
789 666 906 727 quo
963 646 1223 726 plerique
1324 666 1491 707 raves
1528 645 1669 706 cibo
1713 645 1884 727 sopiti
1913 644 2010 727 ja·

467 728 697 788 cebant.
741 725 1004 787 Excitare
1045 728 1218 809 igitur
1249 748 1280 786 a
1307 729 1345 786 ii
1383 728 1567 803 alios,
1600 723 1803 806 jubere
1842 748 2010 798 arma

467 828 682 891 capere
699 852 718 883 ‚
743 808 888 869 alios
923 808 1213 869 dimittere
1240 808 1315 868 ad
1340 808 1704 877 revocandos
1720 810 1862 890 ,qui
1884 830 2011 889 pa·-

466 889 570 952 lati
644 909 708 950 er
745 907 915 972 agros
955 889 1358 970 praedabantur
1397 910 1411 948 ε
1448 907 1721 970 tantaque
1744 887 2005 970 trepida·

467 973 553 1031 tio
619 973 742 1041 uit,
776 988 839 1029 ut
875 968 994 1029 sine
1041 969 1244 1051 gladiis
1290 969 1525 1051 quidam
1565 970 1822 1049 equitum
1868 972 2001 1030 exi·-

466 1069 600 1113 rent
630 1096 648 1125 ,
689 1051 899 1111 loricas
921 1050 1183 1131 plerique
1224 1072 1344 1109 non
1388 1048 1715 1110 induerent.
1749 1047 2004 1131 Ita-rap·-

471 1135 579 1192 tim
621 1130 849 1205 edufff,
876 1151 1074 1211 ‘quum
1125 1129 1372 1197 universi
1406 1128 1804 1209 sexcentorum
1846 1151 2004 1213 aegire

473 1212 637 1273 sunu!
679 1214 902 1293 equites
941 1210 1281 1292 peditesque
1316 1231 1623 1279 numerum
1645 1210 2019 1293 explessent,-

473 1293 736 1354 incidunt
772 1295 829 1351 in
869 1292 1090 1375 regium
1131 1295 1490 1374 equitatum,
1534 1312 1821 1369 numero,
1870 1296 2021 1355 ani--

473 1376 620 1447 mis,
655 1373 938 1455 armisque
981 1373 1367 1455 praestantem.
1396 1373 1607 1454 ,Itaque
1654 1376 1847 1454 ptimo
1892 1376 2009 1453 irn-

471 1473 612 1537 petu
654 1454 814 1528 fusa‚·
845 1457 942 1513 vix
998 1471 1225 1515 tentato
1266 1456 1622 1528 certamine,
1665 1458 1819 1537 turpi
1863 1453 2005 1539 fugi

471 1552 746 1615 repetunt
789 1534 965 1595 castra
1007 1556 1021 1594 ε
1065 1534 1189 1595 caefi
1228 1540 1491 1617 captique
1533 1536 1767 1617 quidam
1793 1580 1813 1612 ,
1851 1558 2011 1619 quos-

472 1620 697 1699 equites
730 1618 804 1677 ab
839 1617 1069 1697 agmine
1103 1616 1447 1698 fugientium
1474 1616 1859 1680 interclusere.

551 1697 743 1758 XLII.
777 1697 1107 1777 Philippus,
1144 1698 1253 1759 suis
1297 1696 1413 1775 jam
1462 1698 1622 1760 vallo
1666 1700 1999 1780 approping-

469 1782 776 1861 quantihus
802 1825 820 1853 ,
855 1782 1114 1859 receptui
1139 1774 1269 1840 ca'ni
1308 1778 1459 1859 juffit
1496 1778 1807 1861 :fatigatos
1846 1784 2007 1843 enim

469 1878 652 1941 equos
694 1859 962 1943 virosque
1006 1882 1124 1921 non
1176 1879 1295 1920 tam
1333 1861 1577 1941 praelio,
1602 1860 1779 1943 quam
1826 1864 2037 1927 itine-.

466 1943 546 2003 ris
577 1941 743 2005 fimul
783 1943 1146 2024 longitudine
1167 1988 1189 2016 ,
1231 1940 1393 2003 fimul
1435 1942 1809 2025 praepropera
1841 1942 2009 2003 cele·

466 2026 672 2098 ritate,
714 2024 984 2088 habebat.
1027 2022 1231 2107 Itaque
1268 2025 1561 2084 turmatim
1600 2025 1862 2105 equites,
1899 2024 2001 2083 in-

467 2108 781 2188 vicemque
811 2104 1138 2185 manipulos
1167 2107 1312 2165 levis
1340 2122 1639 2165 armaturae
1658 2148 1687 2179 r
1717 2121 2004 2187 aquatum·

467 2186 554 2247 ire
577 2186 638 2245 δι
677 2186 960 2265 prandere
999 2185 1160 2260 jubet
1183 2206 1197 2243 ε
1220 2186 1366 2245 alios
1402 2188 1457 2244 in
1480 2184 1722 2245 statione
1742 2202 2009 2246 armatos-

466 2268 682 2329 retinet
711 2314 734 2342 ,
781 2268 1096 2347 opperiens
1149 2285 1357 2347 agmen
1407 2265 1673 2346 peditum
1704 2308 1727 2339 ,
1779 2264 2009 2330 tardius·

399 2408 412 2419 ,
471 2348 705 2409 (lucium
766 2356 1005 2428 propter
1052 2349 1395 2428 gravitatem
1459 2367 1774 2409 armorum.
1812 2346 2004 2429 Quod

466 2428 568 2489 ubi
627 2428 904 2501 advenit,
940 2429 1001 2489 &
1051 2424 1180 2509 ipfis
1228 2430 1619 2508 imperatum,
1673 2446 1737 2491 ut
1783 2426 2013 2493 statutis

427 2510 435 2529 ⁷
463 2506 633 2591 fignis
659 2556 678 2582 ,
721 2509 1004 2590 armisque
1037 2529 1173 2571 ante
1204 2508 1259 2571 se
1288 2508 1486 2591 pofitis
1505 2556 1525 2584 ‚
1567 2512 1779 2587 raptim
1806 2512 2011 2573 cibum.

466 2611 742 2671 caperent
765 2638 784 2667 ,
811 2594 959 2652 binis
997 2591 1247 2653 ternisve
1283 2590 1565 2653 summum
1596 2612 1669 2651 ex
1694 2592 2013 2672 manipulis-

373 2714 385 2725 ·
463 2675 716 2753 aquandi
767 2674 929 2733 causti
974 2670 1148 2733 miffis
1182 2692 1197 2731 t
1226 2675 1458 2733 interim
1492 2692 1671 2751 eques
1714 2694 1845 2733 cum
1880 2672 2009 2733 levi·

465 2771 750 2814 armatura
801 2771 1026 2833 paratus
1079 2752 1483 2834 insti-nciusque
1530 2748 1681 2813 stet'it
1710 2798 1728 2825 ‚
1770 2752 1808 2813 si
1857 2752 2007 2833 quid·

463 2832 641 2895 hostis
679 2854 972 2896 moveret.
1006 2834 1188 2897 AEtoli
1270 2832 1383 2909 jam
1414 2837 1569 2895 enim
1616 2832 1677 2893 &
1714 2855 1845 2915 quae
1891 2854 2009 2913 per·

459 2934 628 2995 agros
661 2916 973 2979 multitudo
1013 2914 1200 2997 sparsa
1256 2932 1417 2977 uerat
1440 2962 1461 2988 ,
1508 2932 1811 2996 receperat
1842 2914 1898 2975 se
1936 2917 1995 2976 in

453 2994 679 3079 castra)
721 3016 782 3060 ut
814 2996 1099 3060 defensuri
1151 3000 1549 3073 munimenta,
1588 2998 1736 3057 circa
1784 3014 1991 3076 portas

348 3148 352 3152 ,
451 3078 789 3161 vallumque
843 3098 1096 3141 armatos
1151 3078 1510 3160 disponunt,
1561 3079 1704 3141 dum
1743 3079 1979 3160 quietos

449 3156 650 3225 hostes
685 3159 790 3249 ipfi
811 3158 1043 3226 feroces
1069 3180 1144 3225 ex
1170 3178 1305 3243 tutq
1338 3160 1675 3245 spestabant
1700 3179 1719 3219 ε
1746 3158 1988 3243 postea}
