2300 3859
516 214 941 286 LIBER
1057 190 1488 288 XXXVI.
1648 213 1785 306 389
2068 305 2076 311 ·

253 309 428 372 armis
467 324 592 373 rem
622 313 940 395 gerendam
960 356 982 383 ,
1021 311 1083 372 &
1107 357 1126 387 ‚
1161 332 1295 394 rege
1318 312 1587 392 superato
1612 355 1629 384 ‚
1665 311 2033 402 bel-U·9·561·
2060 395 2068 404 ·

251 390 376 450 lum
397 393 718 455 AEtolicnm
739 397 1030 476 integrum
1052 392 1259 454 restare
1272 413 1291 468 3
1314 391 1489 452 castra
1510 393 1581 451 ab
1597 389 2031 462 Ther-·a.9.191·.

251 473 515 554 mopylis
549 476 623 535 ad
641 475 989 536 Heracleam
1017 470 1205 536 movit
1237 496 1251 534 z
1282 495 1477 556 eoque
1504 473 1627 554 ipso
1651 473 1744 533 die
1766 515 1785 546 ‚
1870 459 2032 510 Hera-

253 570 318 612 ut
357 553 525 614 snum
565 557 830 624 nosceret
865 556 1058 628 urbi5‚
1099 557 1173 615 ab
1214 558 1379 616 omni
1460 574 1578 615 arte
1628 575 1783 635 equo
1799 533 1950 582 cleam

250 639 471 696 moenia
504 635 586 696 est
625 636 1061 700 circumvec‘lus,
1107 635 1229 696 Sita
1273 635 1355 696 est
1471 636 1695 696 eraclea
1725 606 1997 696 in⁰⁶fid<h
2073 653 2078 657 -

250 716 540 777 radicibus
580 715 779 780 Oetae·
806 719 1023 778 montis
1057 737 1080 774 .:
1123 716 1243 797 i'psa
1290 719 1350 775 in
1390 737 1599 796 campo
1625 760 1644 790 ,
1684 739 1787 776 ar-

251 817 385 857 cem
431 796 841 860 imminentem
879 800 1016 859 loco
1058 798 1177 857 alto
1210 797 1274 856 &
1306 797 1560 877 undique
1586 799 1790 877 praeci-

249 880 358 959 piti
397 879 595 941 habet.
634 879 1086 960 Contemplatus
1121 879 1319 941 omnia
1347 898 1475 958 quae
1500 878 1790 940 noscenda

259 978 425 1022 erant
445 1006 464 1033 ‚
503 966 752 1041 quatuor
776 961 938 1020 simul
959 962 1104 1021 locis
1136 960 1372 1042 aggredi
1404 960 1609 1020 urbem
1642 980 1791 1019 con-

251 1039 468 1116 stituit3
505 1065 538 1101 a
577 1043 816 1102 flumine
866 1041 1072 1122 Asopo
1097 1085 1117 1114 ‚
1155 1043 1271 1122 qua
1312 1043 1375 1100 &
1422 1039 1791 1124 gymnasium

253 1121 335 1182 est
363 1166 382 1195 ,
423 1124 493 1184 L.
512 1123 815 1184 Valerium
853 1123 1124 1204 operibus
1162 1139 1336 1203 atque
1361 1124 1791 1204 oppugnationi
1848 1176 1855 1182 .

253 1207 596 1285 praeposuit:
627 1226 651 1264 1
689 1225 884 1266 arcem
909 1223 1066 1264 extra
1094 1224 1291 1263 muros
1312 1249 1331 1276 ,
1358 1225 1485 1284 quae
1513 1205 1795 1284 frequen-

253 1287 364 1346 tius
404 1307 591 1367 prope
634 1286 812 1368 quam
854 1287 990 1346 urbs
1031 1284 1433 1358 habitabatur,
1471 1285 1571 1344 Ti.
1612 1285 1792 1346 Sern-

295 1370 466 1428 ronio
489 1366 698 1448 Longo
729 1365 1183 1448 oppugnandam
1218 1367 1381 1426 dedit
1407 1387 1421 1424 2
1445 1389 1475 1425 a
1514 1365 1631 1426 sinu
1662 1367 1794 1426 Ma-

249 1387 438 1520 liaco,
481 1469 610 1528 quae
631 1449 854 1519 aditum
887 1447 1038 1508 haud
1077 1447 1307 1508 facilem
1338 1469 1468 1527 pars
1495 1447 1789 1521 habebat,

251 1527 351 1587 M.
387 1529 696 1603 Baebium3
728 1531 800 1589 ab
837 1529 1020 1590 altero
1059 1529 1353 1603 amniculo
1379 1574 1399 1599 ‚
1432 1549 1608 1609 quem
1644 1529 1792 1590 Me·-

253 1609 386 1668 lana
417 1628 666 1684 vocant,
703 1611 985 1672 adversus
1023 1607 1231 1670 Dianae
1270 1612 1555 1691 templum
1582 1655 1602 1684 ‚
1648 1609 1792 1691 Ap-

253 1692 416 1770 pium
439 1690 750 1752 Claudium
781 1691 1071 1772 opposuit.
1095 1712 1128 1749 2
1166 1692 1395 1751 Horum
1422 1710 1791 1772 magno’cer-

254 1775 474 1832 tamine
509 1773 656 1831 intra
686 1793 900 1852 paucos
929 1773 1050 1832 dies
1092 1789 1277 1832 turres
1296 1817 1318 1842 ‚
1344 1773 1661 1853 arietesque
1682 1816 1699 1845 ‚
1722 1773 1789 1832 δι

251 1853 390 1912 alius
432 1855 620 1912 omnis
656 1871 962 1934 apparatus
997 1853 1521 1933 oppugnandarum
1561 1855 1789 1912 urbium

253 1930 569 2014 perficitur.
608 1931 682 1992 Et
719 1954 898 2014 quum
931 1953 1070 2014 ager
1103 1931 1501 1992 Heracleensis
1541 1933 1791 2014 paluster

255 2017 450 2074 omnis
490 2013 873 2096 frequensque
927 2015 1186 2095 proceris
1227 2014 1525 2072 arboribus
1549 2059 1569 2086 ‚
1615 2015 1793 2074 beni-

253 2095 367 2178 gne
417 2095 490 2156 ad
534 2115 713 2164 omne
767 2116 950 2178 genus
993 2099 1241 2176 operum
1298 2097 1599 2155 materiam
1646 2094 1790 2176 sup-

253 2177 592 2258 peditabat3
635 2195 798 2251 tum,
839 2180 973 2258 quia
1011 2175 1341 2257 refugerant
1377 2179 1525 2236 intra
1571 2175 1791 2237 moenia
1847 2249 1858 2253 -

248 2257 471 2332 AEtoli‚
507 2257 732 2320 deserta
755 2303 777 2335 ‚
811 2280 938 2341 quae
971 2259 1030 2319 in
1067 2256 1355 2318 vestibulo
1393 2259 1547 2318 urbis
1584 2274 1789 2332 erant,

337 2455 360 2490 1
404 2439 576 2488 Arcem
619 2455 757 2490 extra
795 2457 982 2500 muros,
1058 2432 1207 2493 Hane
1226 2439 1613 2492 emendationem
1645 2457 1791 2507 egre-

257 2528 352 2581 qnae
365 2511 662 2577 frequentina
683 2531 832 2579 prope
852 2515 986 2580 qucim
1061 2513 1138 2582 gie
1170 2516 1360 2564 firmant
1396 2515 1499 2564 haec
1535 2515 1681 2562 verba
1700 2548 1717 2570 ‚
1742 2531 1789 2564 c.

255 2585 365 2635 urbs
385 2585 740 2651 habitabatur-,J
763 2586 883 2638 Haec
902 2605 983 2654 pu·
1061 2601 1130 2648 24
1150 2621 1167 2645 ,
1202 2588 1373 2654 quibus
1413 2588 1694 2638 describitur
1730 2604 1791 2658 ea

257 2661 406 2728 gnan't
441 2675 548 2708 cum
579 2658 636 2708 iis
668 2677 774 2726 quae
803 2677 848 2710 c.
877 2676 986 2721 243
1059 2677 1169 2725 pars
1193 2695 1208 2722 ,
1241 2679 1345 2728 quae
1383 2678 1409 2710 a
1446 2661 1527 2711 Ti.
1561 2661 1788 2727 Sempro-

255 2733 531 2783 traduntur.
595 2731 668 2782 lbi
724 2732 850 2782 enim
900 2733 984 2784 Τὶ.
1061 2735 1144 2784 nio
1214 2736 1581 2802 oppugnabatur
1622 2752 1635 2785 x
1674 2733 1790 2802 par's

254 2806 570 2874 Sempronius
612 2807 671 2856 ab
721 2805 802 2855 sua
847 2819 986 2874 parte
1061 2826 1155 2857 una
1177 2841 1191 2867 ,
1226 2809 1275 2858 in
1303 2827 1391 2876 qua
1420 2809 1619 2878 aedificia
1648 2824 1789 2865 extra
1817 2819 1819 2822 ’

255 2883 434 2946 primus
465 2881 632 2930 urbem
665 2896 841 2946 capere
867 2881 986 2932 dici·
1060 2880 1216 2931 urbem
1257 2898 1409 2932 erant.
1636 2899 1648 2910 ·

253 2967 333 3003 tur
366 2972 379 3005 :
407 2953 501 3020 qua
522 2951 666 3020 capta
685 2953 842 3004 AEtoli
865 2971 985 3006 con·
1136 2971 1169 3005 2
1211 2955 1391 3004 Horum
1428 2972 1593 3022 magno
1640 2969 1790 3005 certa·

251 3027 444 3094 fugiunt
465 3029 516 3088 in
542 3042 720 3076 arcem.
746 3027 983 3080 Emendat
1057 3028 1197 3078 mine.
1229 3029 1251 3094 ]
1296 3028 1459 3092 Quum
1490 3030 1539 3077 hi
1574 3029 1701 3077 inter
1738 3029 1787 3078 se

259 3097 546 3149 Gronovius
587 3115 600 3149 z
634 3115 852 3167 partem,
892 3103 984 3168 qud
1057 3119 1233 3168 magno
1287 3101 1441 3152 studio
1499 3113 1783 3160 certarent,

255 3188 398 3233 extra
406 3189 557 3221 muros
563 3171 858 3239 fteqrcenaeit'es
869 3193 984 3243 pro·
1057 3175 1161 3239 quis
1193 3174 1465 3224 mandatum
1498 3191 1620 3241 opus
1656 3176 1791 3225 cele-

247 3263 314 3316 pe
333 3245 468 3314 quaint
481 3243 530 3296 in
541 3245 651 3298 urbe
663 3247 980 3302 habitabatur.
1055 3246 1155 3300 tius
1182 3245 1465 3315 perficeret.

1311 3316 1365 3378 R
1396 3319 1460 3398 iiJ
